2278 2741
79 333 1719 112 contemplations et me rappelle combien vous approchez de l'un de

79 429 1721 84 ces hommes célèbres par la facilité de vos vers, et de l'autre par

75 507 747 73 leur harmonie et leur force.

150 568 1636 71 Mille et mille remerciements, Madame, de l'exemplaire de vos poesies

79 641 1742 67 choisies dont vous avez bien voulu me gracieuser. Je les ai lues et relues

75 701 1720 80 avec le plus grand plaisir, mes filles ont suivi l'exemple de leur père

86 776 1234 66 et ont très sincèrement partagè ses sentiments

162 820 1640 91 Votre lettre, Madame, renferöe les expressions les plus flatteuses

77 902 1734 84 de votre souvenir, me parle du cadeau que vous faites de vos

84 975 1730 80 poésies, m'annonce que peut-être j'aurai le plaisir de vous voir en

95 1037 1703 91 Hollande, au printemps prochain, et fasse le ciel que rien ne mette

91 1096 1716 91 obstacle à ce dessin ! mais elle ne dit rien d'un second cadeau

86 1169 1725 75 bien agréable que Mr van Marum m'a également apporté, et qui,

75 1228 1810 87 sans doute, vient aussi de vous, savoir votre image supérieurement

86 1308 1723 76 bien gravée : Je ne puis m'empécher, Madame, de vous remercier très

1099 1365 696 69 Si je compare cette image à

86 1381 457 64 sincèrement de

86 1436 1716 73 celle aue je possède en bas relief, et plus encore à celle qui est si

86 1507 1721 80 profondément gravée dans ma mémoire et dans mon Coeur, il me

84 1562 1734 87 semble que depuis le temps que j'ai eu l'honneur de vous voir, vous

86 1635 1703 87 avez pris un embonpoint qui vous va à merveille. Je pourrai,

91 1708 1704 78 j'espère ; juger dans quelques mois, par les yeux jusqu'où cette idée

93 1765 1732 85 est conforme à la réalité ; mais vrai ou non : ce qu'il y a de très

79 1843 1730 75 sûr, de parfaitement certain, et hors de toute ombre de doute ;

86 1914 1741 75 c'est la vive satisfaction que j'éprouverai de revoir Madame la

91 1982 1771 78 Comtesse de Salm : de gouter de nouveau les charmes de sa conver-

79 2046 1746 85 sation. Ma femme et mes filles se font d'avance une fête de faire

95 2124 1739 73 la connaissance d'une Dame, pour lquelle elles connaissent mes sen-

98 2183 1777 82 timents, dont elles admirent les écrits et de laquelle elles savent que j'ai

107 2249 1501 76 reçu tant de politesses pendant mon séjour en France.

166 2311 1634 89 Je vous prie, Madame, de vouloir présenter mes respects à
