2215 2721
211 337 1654 87 Veuillez agréer l'hommage du profond respect avec lequel je suis,

140 410 236 79 Madame,

628 478 179 88 Votre

987 469 871 79 très humble et très obeissant Serviteur

1166 528 604 93 (Signé) de Sars la Suze

124 634 107 77 1824

776 632 401 111 Rapport

81 675 220 120 (de Mr Ponce

158 709 157 93 rapporteur)

251 741 1544 70 fait à l'Athénée des Arts sur un Roman en lettres,

242 804 1537 75 de mme la Princesse de Salm, intitulé, 24 heures d'une

653 872 567 73 femme sensible.

213 1009 1693 68 Vous m'aviez chargé, Messieurs, de vous rendre compte d'une nouvelle

140 1081 1743 61 production de Mme la Princesse de Salm ; c'est une mission agréable dont

152 1149 1690 64 je vous remercie. Heureux ! si mes talents m'élèvent à la hauteur

140 1222 393 63 du sujet

190 1278 1689 71 Ce joli roman quoique très court est rempli de sentimens et d'idées

149 1344 1686 73 Le cadre en est neuf et les situations du plus grand intérêt. Toutes

142 1419 1689 54 les sensations que l'amour et la jalousie peuvent faire eprouver

149 1473 1680 71 à une âme vive et sensible y sont tracées avec tant de chaleur et

142 1546 1664 61 de vérité. au'on s'identidie, sans s'en appercevoir avec l'auteur.

145 1612 1715 88 Le style de ce charmant ouvrage est aussi pur que facile et simple

140 1677 1639 68 les expressions nobles et choisies sans bouffisure : et si quelques

140 1745 1748 96 personnes y trouvent un défaut, c'est celui de n'y pas trouver une seule

138 1809 551 88 expression romantique.

192 1875 1689 72 On n'annoncerait pas sur le titre du livre le sexe de l'auteur

140 1947 1718 68 qu'il serait impossible de s'y méprendre ; une femme, une femme

152 2018 1679 68 seule douée de cette sensibilité délicate et profonde, son précieux et

147 2088 1734 63 souvent cruel apanage, peut concevoir et exécuter un pareil ouvrage

179 2149 1666 68 Nous ne cherchons pas à l'analyser, ce serait derober à ses lecteurs

142 2222 1673 59 une partie du plaisir qu'ils eprouveront. Cette charmante production

140 2274 1684 100 peut-être comparée à une fleur dont on craint d'altérer la fraicheur

152 2349 1037 68 par la seule impulsion de son haleine.
