2302 2721
390 321 90 50 1825

435 374 154 81 de Salm)

387 2469 225 75 (corresp: p:)

986 480 547 100 A Mr Barbier.

1533 628 537 108 Dyck, ce 20 Juillet, 1823.

439 709 1602 84 J'ai reçu, hier, votre bonne lettre, Monsieur, et je me hâte d'y

403 780 1640 81 répondre pour vous parler des articles que j'avais en effet promis à

385 911 1665 91 parlé de son ouvrage ; mais vous savez que tout ceci a eu lieu au

381 984 1664 90 moment de mon départ, et j'avais tant de choses en tête, que j'ai

390 1045 1673 95 perdu le prospectus et que je n'ai pas une idée juste du genre et

385 1113 1681 81 de l'étendue des articles que je pourrai faire. J'ai déjà bon nombre

387 1179 1685 88 des numeros de la Revue encyclopedique ; mais je suis confuse de

383 1249 1737 75 vous dire que je ne sais pas au juste si c'est le même ouvrage que continue

381 1308 1687 91 Mr Julien ou s'il a fait une autre entreprise. La première chose à faire

376 1387 1656 71 est de m'abonner, si vous vous voulez bien prendre cette peine. Je

378 1458 1663 61 pense que cet ouvrage me parviendra par la poste, comme tout ce

376 1516 1719 68 que je reçois, ce qui est bien plus agréable que de toute autre manière

374 1589 1712 66 Si pourtant cela était impossible, il faudrait se résoudre à m'envoyer

367 1646 1708 77 le tout par M. Drais : mais dans ce cas même je voudrais avoir le der-

371 1709 1676 93 nier Numero, par la poste, sous bande afin de ne pas perdre de temps

367 1775 1637 84 et de voir de suite le genre de l'ouvrage. Vous avez raison, il ne

371 1843 1642 88 faut pas se laisser oublier du public, et, quoique mon malheur

367 1916 1744 88 soit une trop bonne raison et que les ouvrages dont je m'occupe doivent

367 1981 1649 91 paraître cet hiver, je ne veux pas perdre une bonne occasion

374 2054 1104 59 quand elle se présente tout naturellement.

433 2111 1660 95 Voulez vous donc bien, Monsieur, vous occuper de cette petite affaire

371 2190 1656 88 qui consiste à m'abonner, à m'envoyer un numéro par la poste,

367 2251 1717 95 s'ils n'y peuvent venir tous, et à me répondre un mot d'explication.

1118 331 283 117 Lettre

326 301 309 175 (de Mme la Princesse

394 845 1642 89 Mr Julien. Il m'avait donné des prospectus et vous m'aviez aussiMr Julien
