2302 2721
81 378 1610 100 Je vous prie aussi de ne pas dire à Mr Julien à quel point cette

31 451 1731 95 affaire m'est sortie de la tête. Il faut savoir comme j'ai été accablée d'émotions

27 519 1712 95 en partant pour pouvoir le comprendre ; mais faites lui mes compliments

27 580 1726 95 et dites lui s'il-vous-plait que je n'oublie pas ce que je lui ai promis Je m'en

22 646 1681 100 occuperai en effet dès que vous m'aurez répondu. Je m'apperçois que plus je

22 716 1663 95 travaille et plus je reprends mes forces. je puis vous assurer que mon

20 782 1724 106 voyage de Paris m'a sauvée. La crise a été longue ; mais était-il possible

22 857 574 61 que cela fut autrement ?

54 925 1658 88 Savez vous l'affreux malheur qui est arrivé dans notre maison ? Mr

18 984 1667 97 Michelot, à qui j'avais loué (père du maître de pension de mes petits)

20 1047 1703 104 s'est brulé la cervelle. Quel bonheur que je ne sois pas à Paris dans ce

20 1120 778 74 moment. Je frémis d'y penser

54 1181 1578 97 Je suis charmée que Mme Duval aille un peu mieux : C'est une

24 1247 1690 102 aimable femme et que je connais depuis bien longtemps. J'ai toujours

15 1317 1663 102 entendu dire que son mari et elle faisaient bon ménage quoique

22 1383 708 72 séparés la moitié du temps.

45 1448 1649 96 Adieu ou à revoir, Monsieur et ami ; mille et mille assurances

4 1512 1166 91 de mon amitié et de mon estime des meilleures

1020 1587 631 95 (Signé) Constance de Salm.

31 1648 1631 102 Excusez mon secrétaire allemand ou allemande ; mais vous lirez

4 1718 1343 89 mieux son écriture que la mienne. A revoir, Monsieur.

2 1834 63 59 823

678 1809 310 134 Lettre

11 1906 140 80 e Salm)

542 1952 542 125 A Mr Mirault

1124 2117 547 105 Dyck, ce 20 Juillet, 1823.

29 2190 1628 100 Vous êtes un Correspondant exact, Monsieur, et il y a plaisir à vous

4 2251 1678 107 gronder, à vous écrire de petits billets informes, à laisser hâter les lettres

4 2319 1647 107 que l'on vous adressait. Vous voulez bien être satisfait de tout. Votre lettr

4 1838 220 107 Mme la Princesse
