2215 2721
435 303 77 48 1824

433 369 147 95 de Salm)

1132 319 331 136 Lettre

882 464 1096 105 A Mr de Sars la Suze (maire de Laon)

1636 621 508 88 Paris, ce 14 mai, 1824.

435 682 1707 100 Je m'empresse, Monsieur de vous adresser un exemplaire d'un

424 768 1709 66 petit ouvrage que je viens de faire paraître, en vous priant de vouloir

428 827 1746 91 bien le déposer en mon nom à la bibliothèque de la ville. La complai-

426 895 1714 84 sance que vous avez deja eue de me rendre un service du même genre, me

419 961 1684 77 décide à vous demander un petit embarras en l'absence de mon frère.

465 1036 1659 70 Recevez, Monsieur le Maire, avec mes excuses les assurances bien

417 1102 1167 97 sincères de ma considération la plus distinguée.

1547 1163 606 102 (Signé) Constance de Salm

417 1247 80 68 1824

367 1260 288 109 (de Mr de Sars la Suze)

1159 1276 933 95 Lettre (Cor. génle (n° 20))

440 1467 290 77 Département

442 1532 250 55 de l'Aisne.

1622 1530 509 82 Paris, ce 17 Mai, 1824.

465 1598 1656 89 Madame, extrèmement flatté que vous ayez bien voulu m'adresser

426 1673 1743 75 directement l'ouvrage que vous venez de faire paraître sous le titre de

431 1741 1763 73 ç´Vingt quatre heures d'une femme sensible ou une grande leçon, dont vous faites hommage

426 1804 1727 80 à la bibliothèque de la ville, je m'empresse de vous remercier d'une marque

428 1870 1750 93 de bienveillance que j'apprécie en interpête du Conseil municipal repré-

424 1938 1725 89 sentant naturel de tous nos habitans, de vous offrir l'assurance de

419 2013 1712 77 notre reconnaissance en vous priant de croire que nous attachons

435 2072 1732 79 le plus grand prix à tout ce qui sort de votre plume aussi élégante

424 2145 1731 77 que facile, comme aussi à tout ce qui appartient à une famille distin-

424 2210 1731 89 guée dont chacun de ses membres par un mérite supérieur joint aux

433 2274 1675 97 qulités du coeur plus précieuses à la douceur dans le commun de

431 2342 867 143 la vie et à la véritable amabilité.
