2215 2721
129 324 1625 68 em ce moment à quatre lieues de Paris. Celle là trouvera votre

122 392 1700 66 heroïne bien faible bien pâle. Celle là ne se serait pas amusée

122 458 1689 72 à l'écrire, elle eut été tout bonnement mettre le feu à la maison

115 521 1741 73 de Mme de B.... pour voir un peu quel homme s'en sauverait avec

124 585 146 58 elle.

177 657 1629 68 Je conclus de ceci qu'entre les deux extrêmes vous avez trouvé la

136 725 1640 64 vérité et même la vraisemblance ; quant a l'intérêt il est bien

124 795 1671 62 certain. Je l'ai vivement eprouvé, quoique les hommes puissent

131 859 1689 66 à peine comprendre une foule de sensations que les femmes ont

131 934 1675 59 dans leur ame. relativement au But moral, vous savez bien qu'en

124 995 1705 66 penser ; le rire à la comédie, les larmes dans une lecture touchante

122 1063 1709 68 ne corrigent personne. Il y a quelque chose au dessus de l'éloquence

129 1129 1738 63 ce sont les passions. Vos lettres donneraient envie d'en avoir une ; elles

124 1190 1761 70 ressemblent à ce beau sermon sur la charité qui donnait envie d'aller

127 1260 1684 64 demander l'aumone : en ce sens je suis de votre avis quand vous avez

129 1321 1682 66 eu le dessein de rendre la leçon plus forte ; oui, un peu de poison

131 1392 1693 66 eut bien fait .... Je n'achèrai pas ; vous diriez peut-être : Voilà

133 1458 1185 61 les hommes. C'est qu'en effet ils sont affreux.

170 1519 1672 72 J'en excepte votre Alfred, figure charmante dans un tableau

129 1598 1695 59 achevé. Je ne sais pas s'il ne mériterait pas cette préférence au'il a

129 1655 1756 70 failli obtenir .... Je m'arrête encore. Voila les hommes, allez vous dire.

172 1727 1636 68 Je vais voir Laya ; a ce nom, je me rappelle qu'on croit

124 1793 1693 68 reconnaitre les étoiles de la dédicace. S'il en était autrement, il y+

127 1861 1727 68 aurait deux femmes bien ressemblantes et bien, également dignes d'un

129 1931 1725 73 si délicat hommage ; C'est donc Laya qui, je l'espere me donnera

129 1997 1663 80 le moyen d'entretenir nos lecteurs de notre femme sensible, dut

124 2063 1469 77 Curilha concevoir quelque jalousie de cette préférence.

179 2138 1672 66 Agréez, Madame, l'hommage de mon respectueux dévouement et

124 2199 1566 93 daignez en faire partager l'expression au Prince votre Epoux.

1175 2301 445 104 (Signé) Sauvo.
