2278 2741
89 312 91 85 1816

75 312 272 158 (de Mme la Princesse

155 356 158 96 de Salm)

127 2462 222 125 (Corresp: p:)

754 306 331 155 Lettre

587 472 1007 105 A Mr Prous (au chateau de Liedberg)

1288 619 546 82 Dyck, le 18 Septembre, 1816.

157 698 1686 76 Seriez vous assez bon, Monsieur, pour remettre à la chère Louise le

95 776 1739 69 morceau de Gros de Naples jaune ci-joint, et lui dire que je désirerais en

102 845 1714 66 avoir une aune (de Brabant) de pareil ? Mais il faut qu'il soit bien

98 909 1736 77 semblable ; car il ne sagit de rien moins que de rassortir des manches, et

102 984 1508 71 on ne badine pas avec cela ; s'il n'y en a pas, je m'en passerai

191 1048 1620 66 Je vais enfin, je crois, faire le fameux voyage de Cologne, et,

91 1114 1727 66 à tout hasard, vous seriez bien aimables de venir tous demain ou

93 1187 1753 67 après demain. Il n'est question ici que de Kermesse, et en allant pro-

91 1256 1759 64 mener du coté des lieux habités nous verrions encore une guerre

100 1315 1743 71 du beau monde. A demain donc, s'il vous est possible ; car s'il fait

95 1391 547 61 beau, je pars jeudi.

175 1443 1641 73 Voila la puissances tout à fait à la raison dans notre cher pays

105 1516 1725 69 et nous aurons de la tranquillité, Dieu merci. Je l'aime dans le monde ;

109 1585 1709 71 afin surtout que ma vie puisse s'y agiter librement. Vous avez

95 1653 1732 62 eu bien tort de vous en aller le jour de notre monde. Nous avons

95 1713 1726 75 passé de jolis moments le soir. J'ai été heureuse comme une vraie

84 1777 1748 80 enfant. Dieu me conserve cette jeunesse d'esprit à défaut de l'autre

98 1845 1745 75 c'est la source de tout ce qu'il y a de bon et de consolant dans la vie

180 1918 1645 71 J'ai écrit des volumes ce matin ; vous en êtes la dernière feuille

102 1987 1721 80 Vous savez le cris des Marchandes de Paris aux derniers les bons ;

109 2058 1753 70 cependant je ne veux vous rien dire d'agréable aujourd'hui ; car il

98 2126 1697 71 me semble que vous m'avez trouvée maussade la dernière fois.

536 2245 734 114 A revoir donc à demain.

1201 2313 610 92 Signé Constance de Salm
