2215 2721
413 2457 1643 71 (1) Cette lecture etant rélative au Roman des 24 heures on a cru devoir l'inserer ici.

397 310 95 68 1824

1590 603 495 88 Paris, ce 9 Mai, 1824.

408 693 1720 68 Monsieur, la lettre que vous m'avez fait l'honneur de m'écrire le

406 759 1720 70 29 avril ne m'est parvenue que le 8 Mai ; demeurant à la campagne

403 829 1737 64 je n'envoie chercher que de loin en loin les livres qui me sont destinés

408 891 1339 70 Telle est la cause du retard qu'éprouve ma réponse.

426 959 1702 84 Je me felicite, Monsieur, d'avoir eu le choix de vous répondre plutôt

413 1036 1693 77 qu'a Mme la Princesse de Salm : outre que je suis fort étranger à

408 1106 1745 68 toute correspondance avec les grands, j'ai un motif de plus pour ne

408 1172 1729 70 point ècrire à madame la Princesse puisqu'il ne m'est pas possible

413 1240 1742 77 de m'occuper de son ouvrage. Vous, Monsieur, qui n'êtes qu'homme

410 1306 1698 68 de lettres, vous sentirez bien mieux la justesse des raisons qui

403 1358 1698 84 m'empechent, bien malgré moi, d'obeir aux désir de Mme la

413 1430 497 73 Princesse de Salm

469 1473 1671 96 D'abord depuis longtemps, je ne fournis plus au Journal des débats

413 1564 1654 79 que vingt ou tout au plus vingt quatre articles par année. Les

408 1621 1761 88 maladies qui ne me laissent point de relâche, me rendent le travail

413 1700 1754 75 d'écrire et même toute occupation fort pénible. J'en resulte que

415 1764 1638 74 j'ai toujours un plus grand nombre de livres que je n'en puis

415 1820 1740 86 examiner. Souvent même, je suis forcé d'en annoncer plusieurs

415 1895 1761 77 dans un même article. J'ai encore chez moi plus de cinquante volumes

415 1961 1727 75 qui attendent leur tour d'annonce, et comme, dans la republique

410 2029 1777 72 des lettres les princes n'ont point de privilèges, je serais désagréablement+

413 2097 1754 77 obligé d'ajourner le compte à rendre sur l'ouvrage de Mme la Princesse.

465 2174 1647 64 Une autre raison, bien plus puissante encore, et même decisive

417 2238 1689 65 est qu'il ne m'est pas permis de parler dans le journal de livres

422 2303 1763 71 qui me sont adressés  directement par les auteurs, les éditeurs et les libraires :

1171 306 369 118 Lettre

932 451 776 106 A Mr Beer (Michel)

338 299 317 186 (de Mr Hoffman)
