2161 2721
1208 2215 574 84 (Signé) Constance de Salm.

201 2299 1064 75 Mes petits enfants vont très bien et sont charmans.

158 351 1715 68 reste fort délicates et le plus sage est de vivre chez soi sans songer à rien

156 417 1678 79 au'à ses amis, comme je le fais à Paris et Mme Gay ? On me dit qu'elle a

163 482 1641 89 publié un ouvrage. Dites moi un mot de tout cela, bien cher voisin

160 551 1672 74 aue je vous voye vivre et tout ce que je connais. Parlez moi aussi de

156 614 1671 82 vos ouvrages, de ce que vous faites. Je m'occupe dans ce moment d'un

163 691 1698 75 Ouvrage majeur, en vers, qui n'a rien de commun avec la politique

167 759 1678 77 et à peine avec les idées philosophiques que l'on semble me reprocher

179 832 1269 61 Il faut pourtant bien que chacun suive sa pente.

156 954 1676 77 j'ai eu tous ces jours-ci un autre Général ; le Général Tielmann,

172 1020 1642 72 Saxon ; son nom est connu ; il a de l'esprit et de l'usage ; il a

176 1083 1642 82 habité longtemps Paris. Il a vu mon album dont il a été saisi.

170 1154 1662 65 Votre Nom est un de ceux qu'il a le plus remarqués ; il savait un

170 1210 1707 93 peu d'arabe. Ces visites de gens un peu instruits sont de bonnes fortunes

185 1297 114 47 ici.

238 1349 1612 70 Je sens que mon écriture se gâte tellement que vous aurez peine

176 1421 1644 61 à me lire. Je ne puis encore écrire longtemps sans souffrir de ce

165 1485 1721 75 vilain mal de foie. Ménagez bien votre santé. Sans elle on ne possède

185 1560 1660 61 rien au monde. Adieu, mon cher voisin, et vous aussi, Madame.

179 1625 1716 68 Quoique j'aie peu l'avantage de vous connaître, je sens que nous nous

181 1691 1662 68 conviendrons parfaitement, et ce sera avec le plus grand plaisir

181 1757 1671 61 que j'entretiendrai entre nous une liaison d'amitié et une corres-

179 1823 1714 88 pondance à laquelle j'attache d'avance un véritable prix. Mon mari

181 1893 1150 72 a l'honneur de vous présenter ses hommages.

238 1968 1601 61 Il vous fait aussi mille et mille amitiés, cher voisin, j'y joins

174 2033 1669 71 les vieilles assurances de toutes la miennes et de tous les sentiment de

188 2101 1367 71 nous nous connaissons pour vous depuis si longtemps
