2278 2741
345 338 1802 98 à nous en consoler en voyant que ceux qui vous ont mangés, ne sont

342 413 1792 87 pas plus heureux que nous, et que les mangeurs en Chef (les Anglais)

338 481 1766 83 sont dans la position la plus fâcheuse. Comme tout ce qui se passe

340 555 1766 68 depuis quelques années commence à me faire croire à la providence,

349 623 1785 71 j'espère qu'il leur arrivera quelque grande catastrophe. Cependant,

340 687 1725 75 comme dit l'Evangile, je ne veux pas la mort du pêcheur ; mais je

331 758 1764 71 souhaite que la leçon soit assez forte pour les convertir, et leur

342 815 1769 94 faire sentir que leur intérêt est le même que celui des peuples du conti-

331 895 171 57 nent.

420 943 1675 96 Mr de Chateaubriand travaille dans ce moment-ci à un ouvrage

326 1014 1766 98 en faveur de la liberté de la presse. Lui et son parti espèrent bien,

338 1089 1766 80 si elle leur est accordée, s'en servir pour renverser le Ministère, la

340 1153 1805 96 Charte constitutionnelle & et empécher leurs adversaires d'en faire usage

429 1222 1670 82 Ma femme se porte très bien. Elle me charge de vous dire beaucoup

335 1283 1773 94 de choses. Mes deux filles vous assurent de leurs respects. Mme Courier n'a

326 1354 1757 78 point encore d'enfant, ni apparence d'en avoir. Elle n'est pas d'une très

335 1423 1757 73 bonne santé et le mariage ne lui a pas réussi quoi qu'elle soit aussi

324 1489 1759 80 heureuse qu'elle puisse l'être. Courrier se porte bien : il travaille au

342 1553 1766 96 grec, joue à la Paume &. Je l'avais mis sur les rangs pour Académicien

335 1628 1723 80 libre ; mais quand j'ai vu la tournure que prenaient les choses, je

342 1694 1753 76 n'ai donné aucune suite à cela, et il n'a pas fait la moindre visite

429 1751 1679 92 Je ne sais si vous pourez lire tout ce griffonage. Les papiers

342 1820 1737 89 publics m'ont appris que votre Epoux était redevenu Prince et par

345 1898 1725 86 conséquent que vous êtes Princesse : je devrais d'après cela terminer

340 1962 1736 91 ma lettre par des formules de respect & ; mais je fais trop de cas

333 2032 1709 99 de vous pour cela. Je finirai donc en vous assurant de mon

340 2106 724 73 plussincère attachement.

1402 2233 469 96 (signé) Clavier.
