2160 2721
399 362 1729 89 accessoires, tout cela donc m'a rendu le calme de la campagne assez

399 439 1690 82 doux. Je vous reviendrai l'hiver mieux de toute façon, et je me fais

399 512 1738 95 une douce image de cet avenir si près de moi ; il me donne du courage

394 569 214 65 à tout.

458 643 1679 75 Voila trop parler de moi ; parlons de vous, mon cher voisin. Je ne

387 716 1743 75 puis vous dire avec quelle satisfaction je pense à votre heureux ménag

390 789 1688 61 J'ai besoin du bonheur de mes amis. Rien ne vous manque que la santé

392 845 1729 77 de Mme Langlès j'espère qu'elle se fortifiera. Drais m'avait écrit

394 922 1688 66 au'elle avait une toux nerveuse pour lquelle elle allait à Vichi

397 979 1701 91 Je lui avais répondu de l'engager à aller plutôt à Aix-la-Chapelle ; et

394 1049 1688 82 que je vous offrais ma maison et le Chateau &. il a été penser que

385 1115 1738 77 tout cela était dit pour Mme Duval qui, je crois, est mourante, et dont

381 1183 1685 66 je lui parlais dans la même letre. Je ne comprends pas cette erreur qui

378 1247 1691 79 aurait pu devenir bien ridicule : Ce bon Drais lit mes lettres tout de

381 1308 1717 93 travers quoique je les fasse écrire par Mll Simons. Je n'y comprends

381 1374 1681 84 rien d'autant qu'il fait pourtant mes affaires avec autant de zèle que

385 1444 1695 75 d'intelligence. Ce sont des petites distractions causées, dieu sait par quoi.

394 1503 465 95 Je l'ai bien grondé.

442 1575 1638 68 Ecrivez moi, je vous prie, et que Mme Langlès veuille bien mettre

385 1643 1672 64 un mot dans la lettre, ne fut-ce que pour me donner elle même des

383 1705 1672 77 détails de sa santé. Parlez moi aussi de nos amis. Il en est un

383 1773 1718 77 que l'on vexe quelquefois dans les journaux, et j'attribue cela à un fond

378 1838 1725 82 d'humeur morose que je lui ai vue. Et la pauvre mme Duval, je la

378 1911 1688 68 plains et Duval aussi. Barbier me parait rétabli, il m'écrit souvent

381 1979 1754 75 ainsi aue Ponce. Mais c'est avec vous que j'aime à ouvrir mon coeur sur

383 2052 1665 70 mille petites choses littéraires et autres, ce que je ferai dans une autre

381 2113 1701 72 lettre, si vous avez le temps de répondre à celle-ci. Avez vous encore

387 2183 1734 70 le Comte Orloff ? Il m'a écrit une belle lettre. Cette Mme Anglaise qui

383 2242 1686 82 a du partir est-elle encore à Paris ? Il me semble que Duval la

390 2312 1697 114 connaissait, ce qui aura fait du bruit dans la société ; ces choses sont au
