2215 2721
413 312 1749 132 ciation et de littérature élémentaire pour de jeunes personnes étran-

424 430 1736 86 geres. Cela peut se trouver. Je viens d'envoyer à D. M. J. l'Impératrice

415 507 1747 78 de Russie, mère, vos belles stames sur le romantique et la vieille école

424 562 1709 93 puis un petit mot sur ma chère et célèbre Princesse. Hommage au

444 653 189 61 Prince.

487 691 1564 98 Tendresses de Mme de Pougens, pour vous s'entend .... vrai

435 786 965 80 dévouement du coeur, respect infini.

1529 829 438 80 (Signé) Pougens

413 947 88 80 1824

1157 934 880 124 Lettre (Cor. gén.le (n° 20))

367 954 248 143 (de Mr Sauvo)

869 1058 939 116 A Mme la Princesse de Salm.

1604 1188 504 90 Paris, ce 7 Mai, 1824.

431 1272 1704 106 Madame, j'ai un moyen bien assuré de vous prouver quel a été dans

431 1342 1761 93 ces derniers jours l'excès de mon travail et la fatigue de mes occupations

431 1417 1700 84 c'est que ce n'est qu'aujourd'hui que j'ai pu en une heure,

433 1480 1425 91 voir passer la cruelle journée de votre femme sensible.

492 1539 1695 100 J'ai emprunté l'exemplaire à Mme Sauvo qui l'avait lu avec un vif

426 1612 1714 90 intérêt et n'avait pas eu besoin d'y toruver une grande leçon, par

433 1680 1654 90 la raison très simple qu'elle n'est pas jalouse, et qu'elle a pour

428 1748 1766 90 habitude de dire " qu'elle ne conçoit pas qu'on puisse aimer un moment

433 1811 1686 93 quelqu'un qui a cesse de vous aimer le moment d'auparavant" Vous

428 1882 1700 88 direz que la sensibilité de ma très honorable épouse est dans son

435 1945 1750 95 orgueil féminin ; cela pourrait bien être. C'est de la sensibilité aussi

435 2024 1661 84 mais celle là est négative, et elle n'a qu'un mot à écrire Adieu

492 2088 1679 86 D'autres femmes amies ont lu les 45 lettres. Deux d'entr'elles

438 2151 1704 93 ont trouvé le roman exagéré au fond, invraissemblable dans la

438 2226 1720 82 forme. La troisième a cru tout possible, tout vraissemblable, c'est

440 2287 1731 91 que sa jalousie a autrefois passé par là et que les cendres sont

442 2365 1741 79 encore douloureuses. je ferai une nouvelle épreuve sur une quatrième
