2278 2741
79 283 96 100 1816

763 299 358 164 Lettre

1421 349 358 144 (autographe)

536 470 946 110 A Mme la Princesse de Salm.

1384 619 450 79 Paris, le 8 Août, 1816.

157 701 1611 75 Je n'ai rien pu faire pour votre protégé, ma belle Dame, et je

84 774 1732 71 l'avais averti que s'il n'avait pas pour lui Quatremère de Quincy et

89 836 1713 77 Silvestre de Sucy, il ne réussirait pas. Nous nous donnons les

91 911 1759 66 airs de faire comme les assemblées politiques, nous avons une majortié et

84 979 1741 69 une minorité, et je suis de cette dernière. On est arrivé avec une

93 1041 1714 78 liste convenue et le scrutin n'a été que pour la forme, aussi vous

91 1112 1752 68 avez du voir, par les journaux, les beaux choix que nous avons faits

91 1180 1730 67 En général l'Institut est divisé en deux partis, l'un qui tient au

95 1244 1739 73 titre d'Institut, l'autre qui est désolé qu'on l'ait conservé. A la

91 1308 1746 73 tête de ce dernier parti est l'Academie française qui est bien per-

95 1377 1735 73 suadée que toute la gloire littéraire de la France repose sur elle

89 1445 1693 69 L'Academie des sciences est en général du parti qui veut-être

118 1493 1778 92 Institut. Mais si Dieu prête vie à certaines personnes, elles viendront

100 1573 1727 83 à bout de dissoudre le lieu commun et de faire supprimer le

91 1646 1782 71 nom d'Institut qui est un nom révolutionnaire. Du reste elles ont été

82 1710 1775 76 fort scandalisées de voir Mr de Richelieu adopter le costume de

105 1779 331 75 l'Institut.

127 1831 1748 94 Ginguené est bien malade : il se traine encore ; mais il est menacé

93 1911 1764 80 d'une hidropisie de poitrine, et à son âge c'est une mauvaise maladie

159 1982 1689 69 Nous vous avons plaint bien souvent d'avoir été obligée de passer

93 2048 1700 76 l'hiver au milieu des Allemands. Ce n'est pas que Paris ait été

91 2124 1702 68 fort gai. Il y avait beaucoup de raisons pour qu'on y fut triste.

107 2192 1668 60 Tout le monde est ruiné, les uns par la perte de leurs places ; les

98 2259 1734 68 autres par les reducuctions qu'il éprouvent ; d'autres enfin parce qu'ils

100 2322 1748 76 ont été mangés par nos chers alliés. Je suis dans ces deux dernières

100 2391 1711 87 classes. J'ai été réduit à Paris et mange à Lyon. Nous commençons à

34 287 308 178 (de Mr Clavier)
