2278 2741
107 308 84 78 1816

61 292 302 169 de Mme la Princesse

166 363 165 102 de Salm)

813 299 391 171 Lettre

678 468 946 119 A Mr Prous (au chateau de Liedberg)

1327 637 514 77 Dyck, le 13 Août, 1816.

157 719 1654 66 Je profite de votre exprès pour vous dire, mon voisin, que nous avons

118 781 1744 70 le Prince de Salm Kraustein et sa famille. Ils restent demain

114 854 1709 64 si vous voulez tous venir augmenter la bonne société, vous nous

109 925 1753 66 ferez grand plaisir. Si Mme van der Lein est encore demain à Liedberg

118 995 1771 69 nous l'engageons à venir et nous vous chargeons de toutes ces négociations

175 1055 1705 64 Il fait un si beau clair de Lune que le diner du soir serait possible

111 1123 1739 60 on y est mieux entre soi. pourtant je vous laisse tous les maitres et

114 1183 1752 128 vous prie seulement mon cher voisin de m'envoyer dans la journée la

114 1254 1197 61 réponse de tous le monde et de vous à la tête.

308 1315 880 66 Mille assurances d'amitié sincère.

1135 1368 674 80 (signé) Constance de Salm.

134 1439 1741 77 Toutes reflexions faites, j'envoie le petit pêtre qui rapportera la réponse

98 1603 87 82 1816

808 1544 350 102 Lettre

166 1651 147 87 de Salm)de Salm)

63 1598 277 158 (de Mme la Princesse

717 1690 957 93 A Mr Prous (au Chateau de Liedberg)

1332 1818 511 100 Dyck, ce 19 Août, 1816.

150 1911 1703 80 Mille compliments à Mr Prous et à son aimable hotesse, s'il

114 1989 1695 75 l'a encore. J'envoie savoir de leurs nouvelles et les prie de me faire

107 2058 1714 73 savoir si j'aurai le plaisir d'avoir une de ces Dames ? Laquelle ?

111 2131 1712 61 et enfin s'il ne viendra pas aussi me voir et dissiper ses Ennuis en

116 2195 521 68 dissipant les miens

159 2259 1643 70 Je suis toute en l'air, attendant, n'attendant pas quelqu'un ; ne

109 2329 1721 71 sachant si je resterai seule aussi j'aurai une agréable compagnie, et

111 2396 1712 155 enfin, mécontente de tout, parce que je ne suis sûre de rien, ce qui est

4 2517 302 86 104. (Corresp: p:)
