<?xml version="1.0" encoding="UTF-8"?>
<alto xmlns:xsi="http://www.w3.org/2001/XMLSchema-instance"
      xmlns="http://www.loc.gov/standards/alto/ns-v4#"
      xsi:schemaLocation="http://www.loc.gov/standards/alto/ns-v4# http://www.loc.gov/standards/alto/v4/alto-4-2.xsd">
  <Description>
    <MeasurementUnit>pixel</MeasurementUnit>
    <sourceImageInformation>
      <fileName>CdS02_Konv002-02_0066_left.jpeg</fileName>
      
    </sourceImageInformation>
  </Description>
  
  <Tags>
    <OtherTag ID="BT1" LABEL="Title" DESCRIPTION="block type Title"/><OtherTag ID="BT2" LABEL="Main" DESCRIPTION="block type Main"/>
    <OtherTag ID="LT1" LABEL="Main" DESCRIPTION="line type Main"/><OtherTag ID="LT4" LABEL="Signature" DESCRIPTION="line type Signature"/>
  </Tags>
  
  <Layout>
    <Page WIDTH="2278"
          HEIGHT="2741"
          PHYSICAL_IMG_NR="4"
          ID="eSc_dummypage_">
      <PrintSpace HPOS="0"
                  VPOS="0"
                  WIDTH="2278"
                  HEIGHT="2741">
        
        <TextBlock HPOS="283"
                   VPOS="310"
                   WIDTH="1885"
                   HEIGHT="2319"
                   ID="eSc_textblock_3afed558"
                   TAGREFS="BT">
          <Shape><Polygon POINTS="511 310 1702 328 1775 347 1805 392 2012 402 2095 493 2076 555 1421 573 1638 584 1441 600 1430 646 1514 694 1939 758 1930 810 1786 829 1814 858 2095 895 2086 1331 2150 1761 2086 2464 2168 2503 2150 2629 2079 2629 2058 2492 1665 2446 722 2428 594 2446 619 2537 582 2565 338 2546 310 2163 338 986 484 886 845 877 939 838 731 774 801 756 756 728 283 710 283 639 347 539 511 509 429 463 427 408 365 390 374 328 511 310"/></Shape>
          
          
          <TextLine ID="eSc_line_8f2315a9"
                    
                    BASELINE="370 376 1279 374 1759 392" 
                    HPOS="370"
                    VPOS="319"
                    WIDTH="1389"
                    HEIGHT="85">
            <Shape><Polygon POINTS="370 376 370 342 466 342 491 319 523 319 541 333 568 319 584 328 607 319 635 342 671 326 687 340 706 333 726 344 779 335 792 322 822 335 863 322 943 322 977 344 1019 344 1032 331 1041 338 1076 324 1190 324 1229 347 1254 324 1316 324 1398 349 1505 349 1514 340 1546 349 1571 326 1601 347 1624 340 1649 349 1718 349 1752 328 1759 392 1734 404 1469 397 1450 404 1409 399 1389 381 1343 381 1320 397 1313 390 1226 402 1206 386 1181 397 1146 386 1128 402 1105 402 1078 381 1023 379 1003 397 977 379 929 388 895 379 795 379 785 388 760 379 738 399 678 399 667 388 655 397 605 397 582 376 557 388 539 376 445 376 402 390 370 376"/></Shape>
	    <String CONTENT="un état insupportable pour une trop vive vivacité"
                    HPOS="370"
                    VPOS="319"
                    WIDTH="1389"
                    HEIGHT="85"></String>
          </TextLine>

          
          
          <TextLine ID="eSc_line_805b60fa"
                    
                    BASELINE="440 447 1105 447 1958 463 2019 472" 
                    HPOS="440"
                    VPOS="390"
                    WIDTH="1579"
                    HEIGHT="87">
            <Shape><Polygon POINTS="440 447 440 413 495 390 548 392 580 420 701 422 776 402 801 418 822 404 865 413 913 397 939 397 961 413 1009 397 1030 408 1057 397 1115 411 1156 399 1265 399 1316 418 1341 406 1386 415 1409 402 1434 402 1533 424 1569 427 1601 415 1647 433 1706 424 1770 433 1786 422 1802 433 1894 436 1928 408 1948 420 1964 408 1976 418 2017 415 2019 472 1955 477 1930 465 1910 477 1887 465 1853 477 1802 463 1782 472 1745 463 1706 475 1672 463 1558 472 1535 459 1485 459 1457 472 1423 456 1398 456 1377 470 1304 470 1277 456 1242 468 1185 468 1149 454 1089 463 1069 454 1046 463 1032 452 888 449 763 463 731 449 710 461 692 447 440 454"/></Shape>
	    <String CONTENT="Mr Prous comprendra tout cela. Je Lui fais mes sincères amitiés."
                    HPOS="440"
                    VPOS="390"
                    WIDTH="1579"
                    HEIGHT="87"></String>
          </TextLine>

          
          
          <TextLine ID="eSc_line_a9886a6d"
                    
                    BASELINE="1473 529 2092 539" 
                    HPOS="1473"
                    VPOS="475"
                    WIDTH="619"
                    HEIGHT="96">
            <Shape><Polygon POINTS="1473 529 1473 486 1494 493 1526 475 1599 488 1608 481 1624 493 1706 477 1725 495 1784 477 1866 497 1885 488 1900 495 1916 479 1932 479 1951 500 1987 500 2008 481 2035 497 2049 491 2058 500 2090 500 2092 539 2090 571 2017 571 1980 541 1885 566 1869 552 1837 555 1821 539 1759 536 1725 548 1706 536 1688 552 1667 557 1656 548 1635 566 1592 545 1574 550 1560 536 1537 550 1526 541 1473 541"/></Shape>
	    <String CONTENT="(Signé) Constance de Salm."
                    HPOS="1473"
                    VPOS="475"
                    WIDTH="619"
                    HEIGHT="96"></String>
          </TextLine>

          
          
          <TextLine ID="eSc_line_3c5f0492"
                    
                    BASELINE="359 605 430 581" 
                    HPOS="347"
                    VPOS="543"
                    WIDTH="87"
                    HEIGHT="78">
            <Shape><Polygon POINTS="358 603 347 559 415 543 434 596 365 621"/></Shape>
	    <String CONTENT="1816"
                    HPOS="347"
                    VPOS="543"
                    WIDTH="87"
                    HEIGHT="78"></String>
          </TextLine>

          
          
          <TextLine ID="eSc_line_18162729"
                    
                    BASELINE="300 689 590 586" 
                    HPOS="285"
                    VPOS="548"
                    WIDTH="306"
                    HEIGHT="160">
            <Shape><Polygon POINTS="299 687 285 644 315 630 333 637 431 593 450 596 482 571 520 571 575 548 591 593 566 614 534 605 520 621 500 619 491 639 466 630 461 639 408 648 379 660 367 687 308 708"/></Shape>
	    <String CONTENT="(de Mme la Princesse"
                    HPOS="285"
                    VPOS="548"
                    WIDTH="306"
                    HEIGHT="160"></String>
          </TextLine>

          
          
          <TextLine ID="eSc_line_90f5a159"
                    
                    BASELINE="408 679 553 637" 
                    HPOS="399"
                    VPOS="607"
                    WIDTH="163"
                    HEIGHT="105">
            <Shape><Polygon POINTS="406 678 399 653 495 630 511 614 523 621 534 607 552 634 562 671 532 682 500 671 477 678 454 705 418 712"/></Shape>
	    <String CONTENT="de Salm)"
                    HPOS="399"
                    VPOS="607"
                    WIDTH="163"
                    HEIGHT="105"></String>
          </TextLine>

          
          
          <TextLine ID="eSc_line_5780fadc"
                    
                    BASELINE="1035 653 1382 662" 
                    HPOS="1035"
                    VPOS="548"
                    WIDTH="347"
                    HEIGHT="132">
            <Shape><Polygon POINTS="1035 653 1037 555 1105 557 1124 548 1217 561 1279 555 1300 564 1382 555 1380 680 1350 671 1297 680 1258 660 1222 669 1181 657 1162 676 1128 657 1035 662"/></Shape>
	    <String CONTENT="Lettre"
                    HPOS="1035"
                    VPOS="548"
                    WIDTH="347"
                    HEIGHT="132"></String>
          </TextLine>

          
          
          <TextLine ID="eSc_line_ca9ee105"
                    
                    BASELINE="929 768 1848 784" 
                    HPOS="927"
                    VPOS="689"
                    WIDTH="919"
                    HEIGHT="133">
            <Shape><Polygon POINTS="927 767 929 689 1019 689 1064 719 1140 692 1169 692 1199 724 1252 694 1320 694 1352 696 1370 717 1384 712 1398 726 1448 721 1482 746 1727 751 1750 733 1791 735 1816 751 1843 751 1846 783 1843 822 1729 822 1679 790 1670 799 1654 790 1619 813 1597 792 1544 785 1489 813 1464 808 1453 817 1368 815 1311 788 1293 801 1263 785 1222 801 1188 776 1089 778 1080 788 1041 774 959 783 927 776"/></Shape>
	    <String CONTENT="A Mr Prous (au chateau de Liedberg"
                    HPOS="927"
                    VPOS="689"
                    WIDTH="919"
                    HEIGHT="133"></String>
          </TextLine>

          
          
          <TextLine ID="eSc_line_f3167a96"
                    
                    BASELINE="1567 925 2081 941" 
                    HPOS="1567"
                    VPOS="863"
                    WIDTH="514"
                    HEIGHT="91">
            <Shape><Polygon POINTS="1567 925 1569 865 1603 863 1688 865 1706 883 1757 874 1871 890 1907 872 1932 872 1944 886 1974 893 2081 895 2079 954 1994 941 1935 952 1919 938 1834 936 1823 947 1791 947 1777 934 1731 945 1635 929 1622 941 1567 936"/></Shape>
	    <String CONTENT="Dyck, le 29 Août, 1816."
                    HPOS="1567"
                    VPOS="863"
                    WIDTH="514"
                    HEIGHT="91"></String>
          </TextLine>

          
          
          <TextLine ID="eSc_line_df72e2b8"
                    
                    BASELINE="429 966 756 966 1281 993 2058 1009" 
                    HPOS="429"
                    VPOS="913"
                    WIDTH="1629"
                    HEIGHT="110">
            <Shape><Polygon POINTS="429 966 431 913 456 913 541 915 559 929 589 925 626 936 660 920 781 922 808 945 840 925 863 925 879 941 909 945 941 936 977 947 1009 936 1046 952 1085 952 1126 931 1144 950 1213 957 1334 959 1380 938 1400 947 1457 941 1508 963 1574 950 1594 966 1663 959 1674 968 1800 963 1811 973 1878 973 1891 963 1935 975 1978 961 2056 979 2058 1009 2056 1023 1978 1023 1937 1011 1910 1021 1891 1007 1814 1014 1773 1005 1757 1014 1693 1005 1645 1014 1633 1002 1594 1009 1581 1000 1224 1002 1190 989 1142 995 1117 986 1069 998 1046 982 1025 995 993 982 971 993 948 977 833 986 815 975 735 973 703 986 671 970 605 977 546 966 502 979 479 968 429 979"/></Shape>
	    <String CONTENT="Je vous trouve heureux, Monsieur, d&#39;etre le Chaperon de deux"
                    HPOS="429"
                    VPOS="913"
                    WIDTH="1629"
                    HEIGHT="110"></String>
          </TextLine>

          
          
          <TextLine ID="eSc_line_41e0f948"
                    
                    BASELINE="340 1041 1096 1050 2083 1087" 
                    HPOS="340"
                    VPOS="991"
                    WIDTH="1743"
                    HEIGHT="105">
            <Shape><Polygon POINTS="340 1041 342 1002 372 991 402 1007 436 1009 507 1009 530 995 589 1011 738 1016 763 1005 799 1018 856 998 927 998 987 1014 998 1007 1037 1025 1055 1014 1124 1021 1156 1005 1178 1025 1204 1030 1242 1014 1263 1027 1325 1018 1352 1034 1380 1034 1418 1011 1487 1027 1521 1016 1551 1039 1567 1027 1592 1034 1622 1018 1642 1034 1661 1021 1736 1021 1757 1034 1786 1023 1841 1048 1873 1048 1905 1030 1916 1041 1964 1037 1999 1053 2076 1046 2083 1087 2081 1096 2012 1096 2001 1084 1962 1091 1951 1082 1921 1089 1875 1080 1757 1089 1731 1075 1688 1073 1599 1084 1578 1068 1510 1066 1494 1075 1480 1066 1329 1062 1279 1075 1249 1059 1217 1073 1181 1057 1101 1066 1078 1055 1053 1068 1016 1068 964 1066 913 1050 872 1062 849 1050 829 1062 817 1053 783 1062 596 1048 525 1055 493 1043 475 1053 424 1043 340 1048"/></Shape>
	    <String CONTENT="jeunes Demoiselles. Prenez garde qu&#39;au lieu de les diriger. elles ne"
                    HPOS="340"
                    VPOS="991"
                    WIDTH="1743"
                    HEIGHT="105"></String>
          </TextLine>

          
          
          <TextLine ID="eSc_line_c9bfa5d6"
                    
                    BASELINE="340 1112 1476 1126 2072 1144" 
                    HPOS="340"
                    VPOS="1066"
                    WIDTH="1732"
                    HEIGHT="89">
            <Shape><Polygon POINTS="340 1112 340 1084 390 1084 413 1073 459 1087 500 1066 546 1082 580 1075 596 1087 616 1078 653 1091 683 1075 696 1087 733 1082 751 1068 788 1068 804 1082 840 1071 893 1080 916 1071 968 1096 1101 1098 1144 1075 1236 1078 1281 1100 1311 1087 1375 1100 1412 1084 1430 1096 1462 1080 1487 1080 1510 1098 1530 1082 1562 1096 1603 1082 1626 1098 1647 1091 1670 1103 1695 1084 1807 1100 1825 1089 1848 1103 1914 1087 1946 1107 1962 1100 1980 1112 2010 1091 2070 1112 2072 1144 2070 1155 2015 1155 1990 1142 1932 1151 1921 1139 1795 1144 1773 1135 1649 1139 1587 1130 1544 1144 1512 1132 1492 1146 1366 1146 1213 1135 1121 1142 1094 1139 1076 1126 1051 1132 1037 1121 945 1132 934 1121 724 1119 690 1130 674 1119 646 1130 550 1132 507 1114 445 1130 395 1114 361 1126 340 1116"/></Shape>
	    <String CONTENT="vous dirigent. La nature est faible ; mais il faut à la vérité qu&#39;elle"
                    HPOS="340"
                    VPOS="1066"
                    WIDTH="1732"
                    HEIGHT="89"></String>
          </TextLine>

          
          
          <TextLine ID="eSc_line_3209e761"
                    
                    BASELINE="331 1178 1220 1185 2074 1208" 
                    HPOS="331"
                    VPOS="1130"
                    WIDTH="1743"
                    HEIGHT="105">
            <Shape><Polygon POINTS="331 1178 333 1139 354 1130 381 1130 397 1142 438 1130 482 1148 511 1132 552 1132 568 1144 630 1135 703 1151 747 1144 772 1160 801 1137 845 1137 934 1164 982 1167 1149 1169 1190 1144 1254 1158 1357 1146 1386 1148 1412 1164 1489 1158 1533 1171 1571 1164 1587 1174 1651 1169 1679 1178 1693 1169 1711 1178 1761 1169 1809 1176 1832 1162 1869 1174 1923 1155 1958 1183 2001 1178 2031 1158 2065 1158 2074 1208 2072 1235 1942 1235 1898 1224 1846 1228 1825 1217 1795 1231 1720 1231 1706 1222 1651 1228 1574 1203 1546 1203 1492 1226 1441 1226 1380 1212 1368 1222 1334 1201 1261 1196 1069 1196 991 1219 945 1199 918 1210 863 1210 831 1190 683 1187 639 1206 589 1194 550 1210 450 1210 379 1183 333 1183"/></Shape>
	    <String CONTENT="soit forte pour être faible, et à vous en croire, on peut s&#39;en fier"
                    HPOS="331"
                    VPOS="1130"
                    WIDTH="1743"
                    HEIGHT="105"></String>
          </TextLine>

          
          
          <TextLine ID="eSc_line_9ed669a8"
                    
                    BASELINE="340 1249 1304 1258" 
                    HPOS="340"
                    VPOS="1206"
                    WIDTH="964"
                    HEIGHT="66">
            <Shape><Polygon POINTS="340 1249 340 1219 402 1222 422 1212 498 1222 516 1208 534 1222 552 1208 580 1206 655 1215 667 1208 699 1224 756 1208 779 1222 824 1226 911 1210 939 1226 955 1217 1007 1224 1032 1210 1062 1210 1073 1224 1131 1212 1160 1228 1201 1217 1242 1228 1256 1219 1302 1228 1304 1258 1140 1272 1128 1260 913 1269 902 1258 886 1267 868 1256 838 1265 815 1254 655 1254 621 1265 584 1254 539 1265 525 1251 511 1265 340 1256"/></Shape>
	    <String CONTENT="à vous. Je ne vous le souhaite pas."
                    HPOS="340"
                    VPOS="1206"
                    WIDTH="964"
                    HEIGHT="66"></String>
          </TextLine>

          
          
          <TextLine ID="eSc_line_6887f698"
                    
                    BASELINE="397 1308 1028 1317 2056 1352" 
                    HPOS="397"
                    VPOS="1260"
                    WIDTH="1659"
                    HEIGHT="105">
            <Shape><Polygon POINTS="397 1308 397 1283 452 1260 491 1276 500 1269 530 1288 568 1288 610 1265 644 1265 685 1292 843 1297 913 1297 950 1274 966 1283 1003 1274 1035 1301 1055 1301 1083 1279 1213 1290 1233 1283 1249 1295 1327 1290 1382 1304 1393 1295 1409 1306 1464 1295 1478 1306 1519 1308 1537 1295 1576 1313 1610 1299 1663 1308 1681 1299 1754 1306 1805 1297 1834 1317 1866 1317 1907 1304 1967 1301 2056 1329 2056 1352 2054 1365 1976 1365 1935 1363 1921 1352 1894 1359 1880 1347 1818 1354 1775 1345 1754 1354 1729 1345 1715 1354 1651 1356 1610 1343 1571 1354 1530 1352 1487 1336 1409 1349 1322 1331 1254 1343 1236 1329 1174 1338 1160 1327 1080 1333 1069 1324 1016 1324 982 1336 959 1322 920 1320 783 1327 728 1317 712 1329 680 1324 671 1313 603 1327 575 1313 518 1324 418 1320 404 1311"/></Shape>
	    <String CONTENT="Voici le Pétrone. Cette lecture ne va pas avec vos demoiselles ;"
                    HPOS="397"
                    VPOS="1260"
                    WIDTH="1659"
                    HEIGHT="105"></String>
          </TextLine>

          
          
          <TextLine ID="eSc_line_5beb00b4"
                    
                    BASELINE="333 1379 740 1379 2081 1416" 
                    HPOS="333"
                    VPOS="1329"
                    WIDTH="1748"
                    HEIGHT="100">
            <Shape><Polygon POINTS="333 1379 338 1343 379 1345 408 1333 443 1347 486 1347 532 1329 587 1331 598 1340 607 1333 660 1352 722 1354 738 1345 758 1354 808 1336 875 1347 936 1340 968 1359 1055 1361 1076 1347 1140 1354 1172 1345 1204 1347 1231 1365 1316 1368 1338 1354 1359 1370 1393 1361 1460 1372 1530 1361 1553 1370 1569 1361 1592 1375 1633 1377 1677 1359 1718 1363 1729 1375 1747 1361 1805 1372 1907 1363 2012 1384 2063 1379 2079 1386 2081 1416 2079 1429 1992 1429 1923 1413 1882 1425 1857 1411 1752 1423 1713 1407 1631 1420 1619 1409 1578 1418 1530 1402 1450 1409 1398 1400 1352 1413 1295 1411 1258 1395 1229 1407 1201 1395 1169 1404 1146 1393 1133 1404 1096 1404 1023 1391 987 1404 968 1395 854 1400 799 1384 738 1395 715 1384 658 1395 614 1379 532 1388 518 1379 484 1391 333 1384"/></Shape>
	    <String CONTENT="elles est bonne pour de vieux routiers comme nous ; gardez le donc pour"
                    HPOS="333"
                    VPOS="1329"
                    WIDTH="1748"
                    HEIGHT="100"></String>
          </TextLine>

          
          
          <TextLine ID="eSc_line_b0a80805"
                    
                    BASELINE="335 1452 1087 1452 1759 1464 2092 1480" 
                    HPOS="335"
                    VPOS="1407"
                    WIDTH="1757"
                    HEIGHT="89">
            <Shape><Polygon POINTS="335 1452 335 1420 381 1411 504 1420 532 1407 573 1407 596 1423 687 1423 706 1413 735 1420 754 1409 785 1409 815 1423 836 1409 861 1409 877 1420 920 1423 941 1413 961 1425 984 1411 1046 1411 1067 1427 1094 1413 1117 1425 1156 1413 1181 1429 1256 1418 1304 1432 1352 1420 1402 1432 1425 1418 1457 1432 1539 1418 1560 1434 1590 1425 1601 1434 1693 1427 1720 1436 1731 1427 1759 1436 1800 1420 1875 1420 1898 1432 1935 1423 1955 1439 2022 1427 2092 1439 2090 1496 1919 1496 1850 1484 1807 1491 1779 1480 1750 1493 1697 1493 1629 1471 1578 1475 1537 1464 1487 1477 1464 1461 1437 1461 1396 1489 1366 1466 1334 1466 1272 1486 1229 1457 1194 1471 1142 1457 1105 1473 1076 1457 1037 1455 884 1455 872 1464 845 1452 749 1452 731 1461 703 1452 676 1466 646 1452 555 1452 504 1473 484 1464 420 1466 392 1452 335 1468"/></Shape>
	    <String CONTENT="vous. Il m&#39;est arrivé hier une cargaison de vieux gardes boutiques"
                    HPOS="335"
                    VPOS="1407"
                    WIDTH="1757"
                    HEIGHT="89"></String>
          </TextLine>

          
          
          <TextLine ID="eSc_line_ae88deed"
                    
                    BASELINE="342 1516 1005 1516 1971 1539 2088 1550" 
                    HPOS="342"
                    VPOS="1468"
                    WIDTH="1746"
                    HEIGHT="85">
            <Shape><Polygon POINTS="342 1516 345 1486 429 1471 454 1477 468 1468 516 1493 603 1496 692 1496 731 1475 740 1484 806 1480 831 1498 849 1498 884 1475 964 1475 977 1486 1025 1477 1048 1493 1089 1477 1121 1489 1142 1477 1169 1496 1220 1482 1277 1498 1302 1484 1336 1498 1359 1486 1389 1496 1409 1482 1476 1502 1517 1484 1571 1507 1594 1489 1617 1486 1638 1498 1674 1486 1693 1505 1711 1493 1729 1505 1757 1502 1782 1489 1830 1509 1859 1491 1878 1505 1905 1502 1928 1514 1946 1507 1960 1518 2019 1507 2035 1518 2086 1518 2088 1550 1985 1553 1946 1539 1873 1546 1862 1537 1830 1546 1807 1537 1784 1548 1722 1534 1553 1546 1535 1532 1457 1544 1414 1544 1402 1532 1313 1541 1215 1528 1178 1537 1119 1523 893 1525 870 1516 619 1516 607 1525 584 1516 475 1516 459 1525 443 1516 431 1525 342 1525"/></Shape>
	    <String CONTENT="que de Saën aura été sans doute charmé que je lui aie demandé"
                    HPOS="342"
                    VPOS="1468"
                    WIDTH="1746"
                    HEIGHT="85"></String>
          </TextLine>

          
          
          <TextLine ID="eSc_line_1b0e238b"
                    
                    BASELINE="317 1578 1245 1601 2088 1605" 
                    HPOS="317"
                    VPOS="1532"
                    WIDTH="1771"
                    HEIGHT="96">
            <Shape><Polygon POINTS="317 1578 322 1557 351 1541 406 1553 434 1532 459 1553 479 1541 637 1550 685 1537 728 1546 783 1537 822 1539 881 1566 923 1539 971 1546 987 1560 1039 1544 1087 1566 1126 1544 1220 1569 1293 1546 1327 1573 1366 1576 1391 1564 1409 1573 1437 1560 1457 1576 1498 1548 1533 1560 1549 1550 1741 1560 1766 1580 1791 1582 1967 1585 1994 1564 2006 1573 2047 1564 2086 1587 2088 1605 2086 1628 2026 1628 2006 1612 1944 1605 1750 1605 1704 1617 1683 1605 1576 1603 1539 1612 1512 1603 1421 1603 1400 1612 1370 1605 1354 1617 1229 1617 1023 1605 948 1612 893 1594 863 1601 767 1589 699 1589 671 1605 594 1585 566 1601 534 1587 475 1582 408 1582 381 1598 361 1582 317 1582"/></Shape>
	    <String CONTENT="mais ce sont de bons bouche trous dans ma bibliothèque et dans mon"
                    HPOS="317"
                    VPOS="1532"
                    WIDTH="1771"
                    HEIGHT="96"></String>
          </TextLine>

          
          
          <TextLine ID="eSc_line_833f0bc1"
                    
                    BASELINE="333 1651 2017 1672" 
                    HPOS="333"
                    VPOS="1603"
                    WIDTH="1684"
                    HEIGHT="82">
            <Shape><Polygon POINTS="333 1651 333 1608 342 1617 361 1603 429 1603 477 1621 523 1624 564 1605 632 1619 676 1610 701 1624 749 1612 774 1624 811 1612 831 1626 865 1608 888 1608 918 1628 982 1628 1014 1617 1032 1628 1176 1630 1197 1614 1240 1614 1272 1633 1332 1626 1464 1635 1492 1617 1503 1626 1542 1617 1558 1628 1626 1617 1651 1633 1709 1637 1731 1619 1770 1628 1786 1619 1814 1633 1841 1621 1916 1621 1946 1640 2015 1640 2017 1672 1990 1685 1942 1685 1928 1674 1875 1685 1830 1672 1786 1672 1766 1683 1697 1672 1647 1683 1622 1669 1485 1681 1464 1669 1414 1678 1343 1667 1270 1678 1242 1665 1224 1676 1183 1676 1169 1665 1083 1672 1062 1662 1005 1662 987 1674 973 1665 907 1674 895 1662 872 1672 854 1660 829 1660 815 1672 788 1660 699 1669 680 1658 584 1658 543 1669 447 1656 427 1667 377 1658 333 1665"/></Shape>
	    <String CONTENT="temps. J&#39;en ai pour deux mois a lire, sans débrider, si je le veux."
                    HPOS="333"
                    VPOS="1603"
                    WIDTH="1684"
                    HEIGHT="82"></String>
          </TextLine>

          
          
          <TextLine ID="eSc_line_ded7496d"
                    
                    BASELINE="415 1715 1953 1733 2136 1749" 
                    HPOS="415"
                    VPOS="1667"
                    WIDTH="1721"
                    HEIGHT="91">
            <Shape><Polygon POINTS="415 1715 415 1674 470 1667 500 1683 557 1685 632 1685 715 1669 747 1687 769 1674 799 1681 868 1672 893 1687 934 1676 1007 1690 1085 1674 1128 1692 1178 1692 1215 1676 1293 1694 1352 1685 1530 1697 1567 1683 1647 1699 1793 1701 1898 1701 1944 1687 2006 1687 2024 1697 2042 1687 2118 1687 2134 1692 2136 1749 2134 1758 2056 1758 1996 1740 1962 1747 1951 1735 1896 1735 1866 1754 1848 1754 1827 1738 1795 1754 1759 1733 1686 1754 1663 1735 1631 1740 1606 1731 1581 1742 1489 1733 1425 1749 1407 1738 1393 1749 1306 1749 1254 1726 1158 1729 1124 1747 1078 1726 1044 1745 991 1745 948 1726 923 1740 888 1731 875 1742 847 1742 822 1726 799 1735 772 1726 724 1735 676 1733 648 1719 589 1733 541 1717 415 1724"/></Shape>
	    <String CONTENT="Vous ne parlez plus de guerre, comme ces gens qui voyant que les choses"
                    HPOS="415"
                    VPOS="1667"
                    WIDTH="1721"
                    HEIGHT="91"></String>
          </TextLine>

          
          
          <TextLine ID="eSc_line_ebe848c0"
                    
                    BASELINE="324 1781 1528 1797 1987 1811 2127 1827" 
                    HPOS="324"
                    VPOS="1733"
                    WIDTH="1803"
                    HEIGHT="94">
            <Shape><Polygon POINTS="324 1781 326 1733 383 1735 406 1751 443 1740 486 1742 502 1756 568 1745 607 1758 696 1758 719 1740 738 1740 754 1754 772 1742 813 1742 843 1761 888 1763 900 1754 920 1763 1032 1763 1087 1751 1110 1765 1149 1751 1160 1761 1183 1754 1204 1767 1252 1751 1274 1767 1293 1758 1309 1770 1386 1770 1416 1754 1462 1765 1478 1754 1519 1754 1533 1765 1569 1758 1594 1774 1622 1763 1642 1774 1674 1774 1690 1763 1704 1772 1770 1763 1837 1774 1850 1765 1871 1779 1921 1761 1960 1761 1996 1774 2065 1763 2124 1781 2127 1827 1996 1822 1983 1813 1955 1820 1932 1811 1887 1820 1821 1806 1782 1820 1713 1806 1651 1818 1633 1804 1601 1811 1571 1802 1489 1802 1469 1811 1421 1799 1389 1813 1343 1811 1329 1799 1302 1813 1263 1799 1133 1806 1105 1795 1016 1795 1000 1804 984 1797 973 1806 900 1797 886 1806 813 1797 763 1804 744 1790 706 1799 651 1788 591 1797 568 1786 491 1799 461 1783 408 1786 395 1797 324 1795"/></Shape>
	    <String CONTENT="vont comme ils les avaient annoncées, se taisent par exès de satisfac-"
                    HPOS="324"
                    VPOS="1733"
                    WIDTH="1803"
                    HEIGHT="94"></String>
          </TextLine>

          
          
          <TextLine ID="eSc_line_23d02c77"
                    
                    BASELINE="329 1863 1135 1859 2108 1893" 
                    HPOS="329"
                    VPOS="1802"
                    WIDTH="1779"
                    HEIGHT="105">
            <Shape><Polygon POINTS="329 1863 331 1806 386 1802 415 1822 559 1806 591 1822 660 1809 703 1827 756 1829 792 1827 813 1811 849 1811 863 1822 888 1815 904 1829 943 1829 959 1818 1014 1829 1032 1815 1316 1834 1338 1825 1373 1841 1448 1841 1471 1822 1505 1831 1615 1825 1629 1834 1645 1829 1665 1845 1718 1827 1768 1845 1837 1829 1864 1850 2106 1852 2108 1893 2106 1907 2017 1907 1983 1893 1914 1904 1798 1884 1782 1895 1734 1889 1722 1898 1690 1886 1649 1895 1631 1884 1562 1884 1551 1875 1514 1884 1492 1873 1416 1895 1375 1886 1357 1893 1309 1870 1256 1877 1217 1868 1076 1873 950 1863 886 1886 859 1863 827 1866 801 1884 703 1882 687 1870 637 1875 619 1863 536 1879 479 1863 379 1875 329 1863"/></Shape>
	    <String CONTENT="tion : Eh ! bien,  j&#39;ai pourtant encore un fond d&#39;incrédulité et malgré"
                    HPOS="329"
                    VPOS="1802"
                    WIDTH="1779"
                    HEIGHT="105"></String>
          </TextLine>

          
          
          <TextLine ID="eSc_line_dde71340"
                    
                    BASELINE="335 1941 913 1936 1444 1948" 
                    HPOS="335"
                    VPOS="1886"
                    WIDTH="1109"
                    HEIGHT="76">
            <Shape><Polygon POINTS="335 1941 335 1907 372 1889 404 1900 420 1886 452 1886 491 1900 511 1889 557 1886 578 1904 598 1909 610 1900 630 1911 706 1911 724 1893 740 1904 765 1898 776 1909 820 1911 877 1900 888 1889 989 1889 1032 1914 1053 1911 1073 1891 1121 1914 1181 1891 1238 1902 1327 1900 1350 1914 1382 1900 1396 1914 1441 1914 1444 1948 1434 1962 1396 1962 1386 1952 1357 1962 1336 1948 1327 1955 1313 1946 1270 1946 1236 1962 1215 1948 1151 1946 1131 1962 1121 1952 1101 1962 1087 1948 1053 1955 1044 1946 959 1957 881 1943 868 1957 847 1950 801 1959 726 1943 683 1959 644 1950 621 1959 466 1957 438 1941 354 1952 335 1941"/></Shape>
	    <String CONTENT="notre silence je ne puis être de votre avis."
                    HPOS="335"
                    VPOS="1886"
                    WIDTH="1109"
                    HEIGHT="76"></String>
          </TextLine>

          
          
          <TextLine ID="eSc_line_a0e24728"
                    
                    BASELINE="388 1998 1789 2012 2099 2039" 
                    HPOS="388"
                    VPOS="1952"
                    WIDTH="1711"
                    HEIGHT="90">
            <Shape><Polygon POINTS="388 1998 388 1959 404 1952 578 1968 680 1968 708 1957 744 1971 888 1971 913 1957 980 1973 996 1959 1067 1959 1085 1975 1133 1962 1153 1973 1176 1964 1252 1978 1343 1964 1398 1978 1441 1966 1510 1975 1521 1966 1592 1982 1665 1982 1686 1968 1715 1968 1763 1984 1791 1971 1889 1971 1903 1982 1928 1975 1946 1987 1974 1987 1990 1975 2003 1987 2097 1987 2099 2039 2012 2042 1990 2030 1759 2014 1690 2014 1647 2035 1601 2032 1590 2021 1567 2035 1521 2035 1510 2026 1496 2032 1466 2012 1444 2012 1416 2030 1396 2019 1332 2028 1304 2019 1272 2030 1201 2007 1160 2007 1121 2028 1067 2026 1039 2010 1005 2026 943 2007 904 2026 881 2010 817 2023 756 2005 726 2016 653 2003 623 2003 594 2021 552 2000 514 2021 456 2003 388 2019"/></Shape>
	    <String CONTENT="Il n&#39;y a pas moyen de rien donner pour le major, dans le sens où vous"
                    HPOS="388"
                    VPOS="1952"
                    WIDTH="1711"
                    HEIGHT="90"></String>
          </TextLine>

          
          
          <TextLine ID="eSc_line_a02cb2e0"
                    
                    BASELINE="331 2062 1823 2090 2072 2115" 
                    HPOS="331"
                    VPOS="2012"
                    WIDTH="1741"
                    HEIGHT="103">
            <Shape><Polygon POINTS="331 2062 333 2012 390 2012 418 2035 456 2016 509 2019 527 2037 555 2030 578 2044 651 2019 776 2042 801 2028 824 2042 849 2021 900 2023 941 2051 1076 2055 1131 2055 1167 2028 1210 2037 1233 2030 1274 2046 1309 2032 1343 2058 1357 2048 1421 2053 1450 2037 1517 2035 1560 2060 1597 2042 1651 2053 1667 2067 1697 2064 1720 2046 1786 2060 1807 2044 1866 2067 1910 2053 1980 2071 2026 2046 2054 2060 2070 2053 2072 2115 1974 2112 1887 2096 1837 2108 1811 2094 1679 2094 1631 2106 1603 2092 1553 2106 1539 2096 1455 2103 1402 2092 1304 2101 1263 2083 1124 2096 1057 2078 1009 2094 964 2076 840 2076 820 2090 731 2071 701 2080 653 2071 635 2085 498 2083 472 2069 445 2078 422 2069 331 2076"/></Shape>
	    <String CONTENT="l&#39;entendez. J&#39;aurais fait quelques frais de politesse pour sa conversation"
                    HPOS="331"
                    VPOS="2012"
                    WIDTH="1741"
                    HEIGHT="103"></String>
          </TextLine>

          
          
          <TextLine ID="eSc_line_0504e2d6"
                    
                    BASELINE="319 2137 2047 2163" 
                    HPOS="319"
                    VPOS="2096"
                    WIDTH="1728"
                    HEIGHT="83">
            <Shape><Polygon POINTS="319 2137 322 2096 354 2108 418 2099 443 2115 479 2117 504 2103 539 2112 552 2101 589 2096 605 2106 621 2096 651 2119 674 2117 696 2099 728 2112 788 2096 831 2110 872 2108 888 2121 959 2124 1016 2124 1046 2101 1142 2106 1172 2117 1194 2110 1210 2121 1254 2124 1274 2115 1295 2126 1357 2112 1380 2124 1407 2106 1512 2115 1562 2108 1606 2126 1640 2126 1683 2110 1709 2126 1722 2119 1741 2135 1889 2112 1916 2128 1932 2117 1980 2115 2015 2137 2044 2137 2047 2163 2044 2179 1891 2179 1850 2167 1821 2176 1592 2174 1558 2163 1514 2172 1412 2163 1359 2169 1334 2160 1274 2169 1245 2158 1105 2167 1080 2153 863 2158 785 2149 754 2160 731 2149 635 2158 564 2149 532 2158 498 2147 468 2153 443 2144 319 2144"/></Shape>
	    <String CONTENT="et sa société surtout dans l&#39;éloignement de toute chose où je suis ;"
                    HPOS="319"
                    VPOS="2096"
                    WIDTH="1728"
                    HEIGHT="83"></String>
          </TextLine>

          
          
          <TextLine ID="eSc_line_fac4cd0d"
                    
                    BASELINE="317 2199 2108 2231" 
                    HPOS="317"
                    VPOS="2160"
                    WIDTH="1791"
                    HEIGHT="92">
            <Shape><Polygon POINTS="317 2199 317 2179 335 2181 351 2169 383 2176 422 2160 461 2183 516 2167 626 2185 660 2163 690 2185 831 2190 868 2190 932 2165 959 2165 982 2183 1039 2172 1089 2195 1121 2195 1165 2174 1185 2185 1233 2185 1247 2197 1295 2197 1329 2172 1370 2181 1574 2176 1603 2201 1670 2179 1791 2181 1862 2206 1882 2206 1926 2183 1964 2188 1980 2201 2015 2188 2044 2204 2086 2190 2108 2195 2108 2231 2106 2252 1983 2252 1921 2243 1818 2247 1807 2238 1745 2247 1695 2231 1674 2243 1569 2224 1535 2233 1523 2224 1432 2222 1405 2240 1354 2240 1293 2220 1226 2229 1206 2217 1158 2217 1087 2236 1035 2215 1009 2222 927 2213 895 2231 884 2222 829 2231 769 2211 742 2220 728 2211 717 2220 701 2208 671 2208 642 2220 518 2206 479 2224 402 2204 379 2213 349 2206 331 2217 317 2206"/></Shape>
	    <String CONTENT="mais pour la correspondance, je me contente des miettes qui tombent"
                    HPOS="317"
                    VPOS="2160"
                    WIDTH="1791"
                    HEIGHT="92"></String>
          </TextLine>

          
          
          <TextLine ID="eSc_line_9f593b6a"
                    
                    BASELINE="333 2270 968 2279" 
                    HPOS="333"
                    VPOS="2217"
                    WIDTH="635"
                    HEIGHT="74">
            <Shape><Polygon POINTS="333 2270 333 2224 347 2236 367 2217 408 2233 436 2217 456 2238 484 2238 516 2220 555 2229 566 2220 651 2220 676 2243 717 2233 763 2243 792 2222 831 2245 909 2233 923 2245 966 2245 968 2279 966 2291 948 2281 879 2291 870 2281 811 2288 801 2279 779 2288 758 2279 744 2288 706 2279 671 2288 610 2279 511 2286 475 2275 440 2284 333 2279"/></Shape>
	    <String CONTENT="de la table de ces Dames."
                    HPOS="333"
                    VPOS="2217"
                    WIDTH="635"
                    HEIGHT="74"></String>
          </TextLine>

          
          
          <TextLine ID="eSc_line_ac82b0bb"
                    
                    BASELINE="420 2345 1021 2343 2060 2359" 
                    HPOS="420"
                    VPOS="2293"
                    WIDTH="1640"
                    HEIGHT="96">
            <Shape><Polygon POINTS="420 2345 420 2302 484 2293 498 2304 552 2311 603 2302 642 2311 662 2295 708 2307 735 2295 767 2313 797 2313 815 2300 836 2311 856 2302 948 2309 961 2297 984 2313 1101 2300 1126 2316 1199 2318 1306 2318 1345 2302 1414 2302 1428 2316 1444 2311 1455 2320 1485 2320 1510 2304 1629 2304 1651 2318 1693 2322 1741 2322 1761 2307 1809 2322 1839 2313 1855 2325 1882 2313 1905 2325 1996 2309 2015 2325 2058 2325 2060 2359 2058 2389 1974 2389 1930 2370 1903 2375 1837 2357 1747 2382 1706 2359 1651 2377 1617 2368 1603 2380 1530 2373 1517 2384 1460 2370 1334 2382 1302 2359 1242 2359 1204 2380 1158 2348 1092 2368 1060 2357 1005 2366 961 2345 875 2345 836 2359 797 2345 751 2345 696 2364 632 2345 575 2352 550 2366 470 2348 438 2373 420 2373"/></Shape>
	    <String CONTENT="Je ne sais pourquoi vous me parlez d&#39;oublis, je n&#39;y suis point"
                    HPOS="420"
                    VPOS="2293"
                    WIDTH="1640"
                    HEIGHT="96"></String>
          </TextLine>

          
          
          <TextLine ID="eSc_line_576ab751"
                    
                    BASELINE="329 2409 936 2405 2003 2444 2031 2434" 
                    HPOS="329"
                    VPOS="2350"
                    WIDTH="1702"
                    HEIGHT="119">
            <Shape><Polygon POINTS="329 2409 331 2350 367 2350 390 2368 415 2370 475 2357 507 2373 575 2364 619 2375 646 2357 671 2357 781 2380 813 2380 849 2364 868 2377 945 2364 998 2384 1044 2366 1080 2377 1099 2368 1110 2377 1131 2370 1144 2382 1236 2380 1274 2389 1297 2373 1316 2386 1377 2382 1402 2396 1444 2377 1494 2396 1578 2380 1615 2400 1651 2391 1734 2402 1752 2393 1766 2402 1791 2396 1850 2407 1958 2407 2008 2391 2028 2409 2031 2434 2028 2469 1944 2469 1763 2464 1718 2450 1695 2460 1670 2439 1603 2446 1558 2437 1510 2455 1476 2446 1453 2455 1437 2441 1316 2453 1284 2448 1263 2430 1197 2432 1167 2444 1144 2428 1067 2446 1019 2423 955 2421 879 2423 859 2434 829 2425 808 2432 774 2416 591 2421 580 2412 539 2412 511 2425 440 2425 404 2414 386 2428 329 2428"/></Shape>
	    <String CONTENT="sujette, surtout en amitié. Mettez moi sur la voie, si vous voulez"
                    HPOS="329"
                    VPOS="2350"
                    WIDTH="1702"
                    HEIGHT="119"></String>
          </TextLine>

          
          
          <TextLine ID="eSc_line_55188092"
                    
                    BASELINE="340 2530 445 2528 578 2542" 
                    HPOS="340"
                    VPOS="2478"
                    WIDTH="240"
                    HEIGHT="89">
            <Shape><Polygon POINTS="340 2530 342 2485 361 2478 381 2487 399 2480 418 2498 475 2494 500 2503 580 2489 575 2567 504 2562 482 2537 466 2549 447 2535 411 2533 367 2549 340 2546"/></Shape>
	    <String CONTENT="(corresp: p:)"
                    HPOS="340"
                    VPOS="2478"
                    WIDTH="240"
                    HEIGHT="89"></String>
          </TextLine>

          
        </TextBlock>
        
        <TextBlock HPOS="1649"
                   VPOS="584"
                   WIDTH="80"
                   HEIGHT="7"
                   ID="eSc_textblock_9909a7b7"
                   TAGREFS="BT">
          <Shape><Polygon POINTS="1649 584 1729 584 1729 591 1649 591 1649 584"/></Shape>
          
        </TextBlock>
        

        
      </PrintSpace>
    </Page>
  </Layout>
</alto>
