<?xml version="1.0" encoding="UTF-8"?>
<alto xmlns:xsi="http://www.w3.org/2001/XMLSchema-instance"
      xmlns="http://www.loc.gov/standards/alto/ns-v4#"
      xsi:schemaLocation="http://www.loc.gov/standards/alto/ns-v4# http://www.loc.gov/standards/alto/v4/alto-4-2.xsd">
  <Description>
    <MeasurementUnit>pixel</MeasurementUnit>
    <sourceImageInformation>
      <fileName>CdS02_Konv002-02_0067_left.jpeg</fileName>
      
    </sourceImageInformation>
  </Description>
  
  <Tags>
    <OtherTag ID="BT1" LABEL="Title" DESCRIPTION="block type Title"/><OtherTag ID="BT2" LABEL="Main" DESCRIPTION="block type Main"/>
    <OtherTag ID="LT1" LABEL="Main" DESCRIPTION="line type Main"/><OtherTag ID="LT4" LABEL="Signature" DESCRIPTION="line type Signature"/>
  </Tags>
  
  <Layout>
    <Page WIDTH="2278"
          HEIGHT="2741"
          PHYSICAL_IMG_NR="6"
          ID="eSc_dummypage_">
      <PrintSpace HPOS="0"
                  VPOS="0"
                  WIDTH="2278"
                  HEIGHT="2741">
        
        <TextBlock HPOS="319"
                   VPOS="2466"
                   WIDTH="227"
                   HEIGHT="62"
                   ID="eSc_textblock_b00613d2"
                   TAGREFS="BT">
          <Shape><Polygon POINTS="319 2466 527 2466 546 2528 329 2528 319 2466"/></Shape>
          
          
          <TextLine ID="eSc_line_5487e4cc"
                    
                    BASELINE="313 2503 532 2514" 
                    HPOS="313"
                    VPOS="2455"
                    WIDTH="219"
                    HEIGHT="87">
            <Shape><Polygon POINTS="313 2503 315 2462 324 2455 431 2471 456 2462 475 2478 532 2480 530 2535 516 2530 500 2542 482 2533 406 2537 395 2524 358 2533 313 2521"/></Shape>
	    <String CONTENT="(Corresp: p:)"
                    HPOS="313"
                    VPOS="2455"
                    WIDTH="219"
                    HEIGHT="87"></String>
          </TextLine>

          
        </TextBlock>
        
        <TextBlock HPOS="310"
                   VPOS="246"
                   WIDTH="336"
                   HEIGHT="172"
                   ID="eSc_textblock_a302c94e"
                   TAGREFS="BT">
          <Shape><Polygon POINTS="438 246 628 246 646 317 573 390 319 418 310 347 383 255 438 246"/></Shape>
          
          
          <TextLine ID="eSc_line_653eaccf"
                    
                    BASELINE="387 323 476 285" 
                    HPOS="372"
                    VPOS="262"
                    WIDTH="110"
                    HEIGHT="76">
            <Shape><Polygon POINTS="386 322 372 285 415 267 443 271 463 262 482 308 395 338"/></Shape>
	    <String CONTENT="1816"
                    HPOS="372"
                    VPOS="262"
                    WIDTH="110"
                    HEIGHT="76"></String>
          </TextLine>

          
          
          <TextLine ID="eSc_line_9b1112c3"
                    
                    BASELINE="332 404 627 277" 
                    HPOS="322"
                    VPOS="251"
                    WIDTH="313"
                    HEIGHT="171">
            <Shape><Polygon POINTS="331 402 322 356 354 356 454 310 475 312 518 271 564 274 584 251 612 253 626 276 635 299 603 312 571 306 527 333 504 331 486 360 429 363 406 390 372 392 365 413 342 422"/></Shape>
	    <String CONTENT="(de Mme la Princesse"
                    HPOS="322"
                    VPOS="251"
                    WIDTH="313"
                    HEIGHT="171"></String>
          </TextLine>

          
          
          <TextLine ID="eSc_line_e7f1e763"
                    
                    BASELINE="438 404 596 330" 
                    HPOS="431"
                    VPOS="306"
                    WIDTH="176"
                    HEIGHT="105">
            <Shape><Polygon POINTS="436 402 431 381 454 363 470 365 507 333 562 319 573 306 607 358 550 388 491 381 440 411"/></Shape>
	    <String CONTENT="de Salm)"
                    HPOS="431"
                    VPOS="306"
                    WIDTH="176"
                    HEIGHT="105"></String>
          </TextLine>

          
        </TextBlock>
        
        <TextBlock HPOS="347"
                   VPOS="310"
                   WIDTH="1839"
                   HEIGHT="1186"
                   ID="eSc_textblock_971418df"
                   TAGREFS="BT">
          <Shape><Polygon POINTS="1185 310 1466 347 1503 463 1567 511 1939 539 2006 648 2177 676 2186 801 2122 867 2150 975 2104 1014 2067 1169 2104 1340 1987 1377 1958 1477 1377 1496 1377 1388 1311 1368 475 1340 445 1276 347 1240 374 794 466 712 991 703 1067 655 1003 609 1003 557 1085 481 1076 383 1185 310"/></Shape>
          
          
          <TextLine ID="eSc_line_b0bb9be7"
                    
                    BASELINE="1085 431 1469 436" 
                    HPOS="1085"
                    VPOS="312"
                    WIDTH="384"
                    HEIGHT="165">
            <Shape><Polygon POINTS="1085 431 1087 312 1112 312 1128 328 1229 312 1261 333 1309 324 1334 338 1368 324 1396 349 1469 349 1466 477 1409 477 1361 443 1336 449 1309 440 1293 449 1277 436 1252 433 1231 433 1215 447 1192 438 1172 449 1146 440 1110 452 1085 443"/></Shape>
	    <String CONTENT="Lettre"
                    HPOS="1085"
                    VPOS="312"
                    WIDTH="384"
                    HEIGHT="165"></String>
          </TextLine>

          
          
          <TextLine ID="eSc_line_900f396e"
                    
                    BASELINE="1012 582 1942 591" 
                    HPOS="1012"
                    VPOS="495"
                    WIDTH="930"
                    HEIGHT="135">
            <Shape><Polygon POINTS="1012 582 1014 539 1041 545 1092 495 1158 495 1185 516 1222 497 1295 497 1320 518 1354 497 1430 497 1480 550 1535 527 1558 543 1581 529 1631 550 1704 550 1752 534 1775 552 1798 552 1811 539 1839 548 1853 541 1864 552 1942 552 1939 630 1853 630 1827 605 1807 614 1782 591 1699 607 1663 593 1647 605 1560 600 1535 612 1476 598 1460 609 1444 603 1430 616 1418 605 1409 612 1370 596 1338 596 1316 612 1274 619 1242 598 1231 605 1210 593 1172 603 1124 584 1099 607 1069 607 1012 589"/></Shape>
	    <String CONTENT="A Mr Prous (au chateau de Liedberg)"
                    HPOS="1012"
                    VPOS="495"
                    WIDTH="930"
                    HEIGHT="135"></String>
          </TextLine>

          
          
          <TextLine ID="eSc_line_6c85b64d"
                    
                    BASELINE="452 776 1814 810 2106 826" 
                    HPOS="452"
                    VPOS="724"
                    WIDTH="1654"
                    HEIGHT="114">
            <Shape><Polygon POINTS="452 776 454 724 532 726 555 744 582 728 671 730 717 758 754 758 795 733 829 735 859 760 888 762 941 762 957 751 1023 744 1046 762 1101 751 1146 769 1233 762 1258 772 1313 758 1357 774 1446 776 1478 760 1530 760 1555 778 1583 781 1645 772 1665 778 1690 765 1711 776 1741 760 1759 769 1837 760 1903 776 1916 767 1976 769 1996 783 2058 767 2104 794 2106 826 2104 838 2074 838 2060 826 2033 836 1935 836 1759 815 1718 824 1674 813 1551 824 1533 813 1503 820 1489 810 1418 822 1396 806 1350 820 1329 804 1258 817 1240 806 1201 815 1176 801 1069 797 1041 808 900 808 840 797 827 806 811 790 788 801 772 790 760 799 724 788 671 790 658 801 605 785 564 785 541 797 454 794"/></Shape>
	    <String CONTENT="Il fait si beau, Monsieur, que je pense que Mme Kopp, vous"
                    HPOS="452"
                    VPOS="724"
                    WIDTH="1654"
                    HEIGHT="114"></String>
          </TextLine>

          
          
          <TextLine ID="eSc_line_099c621f"
                    
                    BASELINE="1626 724 1978 721 2166 737" 
                    HPOS="1626"
                    VPOS="666"
                    WIDTH="540"
                    HEIGHT="101">
            <Shape><Polygon POINTS="1626 724 1626 673 1642 678 1665 666 1690 682 1745 669 1802 682 1834 669 1871 685 1914 676 1939 685 2001 671 2070 687 2097 673 2111 687 2163 687 2166 737 2163 767 2067 767 2044 746 2010 751 1987 733 1967 742 1953 728 1837 740 1789 733 1759 756 1715 728 1674 753 1654 742 1626 749"/></Shape>
	    <String CONTENT="Dyck, le 15 Septembre, 1816"
                    HPOS="1626"
                    VPOS="666"
                    WIDTH="540"
                    HEIGHT="101"></String>
          </TextLine>

          
          
          <TextLine ID="eSc_line_c6167ff1"
                    
                    BASELINE="367 851 1626 874 2092 895" 
                    HPOS="367"
                    VPOS="799"
                    WIDTH="1725"
                    HEIGHT="107">
            <Shape><Polygon POINTS="367 851 370 799 507 801 564 820 626 808 642 822 658 810 706 831 749 820 765 829 797 824 827 808 863 833 886 833 918 810 973 810 1012 838 1103 829 1137 838 1197 829 1268 838 1304 829 1341 845 1398 845 1430 831 1455 845 1496 847 1544 822 1578 824 1606 842 1642 836 1711 847 1734 838 1745 847 1814 851 1841 836 1864 838 1889 856 1935 856 1946 847 2008 854 2033 845 2056 858 2090 861 2092 895 2090 906 2024 897 1999 906 1880 904 1834 886 1818 893 1754 883 1711 899 1677 899 1651 881 1555 879 1533 890 1498 883 1480 893 1444 877 1389 879 1373 890 1332 888 1313 874 1279 881 1233 872 1194 888 1158 872 1119 870 1053 870 1023 886 989 867 925 877 909 865 877 881 840 881 804 863 779 874 738 863 696 879 616 861 525 874 491 858 461 872 415 861 367 870"/></Shape>
	    <String CONTENT="Louise et le grand fils pourriez venir à pied ou en voiture passer"
                    HPOS="367"
                    VPOS="799"
                    WIDTH="1725"
                    HEIGHT="107"></String>
          </TextLine>

          
          
          <TextLine ID="eSc_line_860ff216"
                    
                    BASELINE="367 906 1407 931 2138 963" 
                    HPOS="367"
                    VPOS="858"
                    WIDTH="1771"
                    HEIGHT="117">
            <Shape><Polygon POINTS="367 906 367 879 415 858 445 881 495 874 514 883 539 874 651 888 756 870 952 897 1014 879 1039 899 1110 881 1149 890 1181 883 1192 893 1247 883 1432 890 1460 906 1501 911 1539 893 1576 895 1622 918 1665 911 1702 920 1713 911 1761 920 1805 909 1843 925 1914 918 2022 929 2049 915 2072 931 2092 918 2138 931 2138 963 2136 975 2063 966 1916 970 1894 957 1798 966 1754 952 1695 963 1651 961 1635 950 1622 961 1601 950 1587 959 1494 957 1464 943 1322 952 1290 938 1245 950 1215 938 1199 947 1169 934 1048 943 1012 929 897 929 877 938 861 925 811 931 785 922 769 934 724 934 692 922 648 931 571 915 548 925 536 915 431 925 415 911 367 913"/></Shape>
	    <String CONTENT="la journée avec nous : c&#39;est dit - ou la Kermesse, nous irons promener"
                    HPOS="367"
                    VPOS="858"
                    WIDTH="1771"
                    HEIGHT="117"></String>
          </TextLine>

          
          
          <TextLine ID="eSc_line_ecb4dad6"
                    
                    BASELINE="370 982 1741 1009 2081 1027" 
                    HPOS="370"
                    VPOS="938"
                    WIDTH="1711"
                    HEIGHT="101">
            <Shape><Polygon POINTS="370 982 370 954 388 945 413 943 429 959 539 961 605 938 642 941 676 963 715 959 742 943 769 959 806 954 820 963 856 950 891 959 984 947 1023 968 1057 970 1078 959 1105 973 1146 975 1208 975 1229 959 1261 954 1327 954 1354 975 1380 970 1398 979 1460 979 1480 966 1512 975 1530 959 1558 961 1576 977 1597 961 1633 970 1649 961 1695 963 1731 979 1837 966 1853 977 1875 970 1903 986 1951 970 2012 993 2044 982 2079 993 2081 1027 2079 1039 2033 1027 1996 1037 1928 1027 1898 1037 1846 1018 1747 1032 1645 1030 1629 1016 1610 1027 1478 1016 1460 1027 1444 1016 1384 1025 1341 1011 1322 1018 1311 1009 1302 1016 1249 1005 1226 1011 1142 1002 1071 1018 1028 1000 971 1009 886 998 843 1007 831 995 783 995 763 1011 712 1000 655 1009 637 995 530 1007 484 989 456 1002 438 989 370 986"/></Shape>
	    <String CONTENT="de ce coté ; nous entendrons les violons, et c&#39;est toujours quelque"
                    HPOS="370"
                    VPOS="938"
                    WIDTH="1711"
                    HEIGHT="101"></String>
          </TextLine>

          
          
          <TextLine ID="eSc_line_f7e31e8c"
                    
                    BASELINE="365 1050 1092 1059" 
                    HPOS="365"
                    VPOS="1005"
                    WIDTH="727"
                    HEIGHT="91">
            <Shape><Polygon POINTS="365 1050 365 1023 406 1021 422 1005 454 1021 479 1014 493 1027 532 1027 564 1014 598 1023 621 1005 653 1005 703 1030 760 1007 790 1007 820 1025 838 1018 865 1032 909 1007 948 1009 964 1025 993 1032 1007 1025 1089 1034 1092 1059 1089 1096 964 1096 913 1062 881 1073 840 1057 799 1080 776 1064 710 1055 676 1066 642 1055 612 1071 587 1055 543 1071 520 1053 488 1068 434 1057 422 1068 388 1059 365 1071"/></Shape>
	    <String CONTENT="chose que de voir la joie."
                    HPOS="365"
                    VPOS="1005"
                    WIDTH="727"
                    HEIGHT="91"></String>
          </TextLine>

          
          
          <TextLine ID="eSc_line_3e595fac"
                    
                    BASELINE="452 1148 1009 1158 2017 1190" 
                    HPOS="452"
                    VPOS="1096"
                    WIDTH="1565"
                    HEIGHT="132">
            <Shape><Polygon POINTS="452 1148 454 1100 477 1107 500 1096 539 1116 580 1121 603 1103 637 1096 680 1123 722 1126 797 1123 824 1103 847 1103 863 1116 918 1128 1000 1119 1046 1130 1067 1112 1087 1119 1117 1110 1144 1135 1178 1137 1199 1126 1229 1139 1281 1126 1311 1132 1332 1116 1368 1116 1396 1137 1428 1128 1450 1144 1466 1137 1482 1146 1523 1146 1544 1135 1555 1142 1583 1123 1690 1126 1727 1137 1738 1128 1786 1151 1807 1155 1834 1144 1857 1158 1946 1158 1983 1137 2017 1153 2017 1190 2015 1210 2008 1203 1976 1215 1951 1196 1937 1203 1878 1190 1816 1228 1775 1228 1624 1224 1574 1180 1462 1196 1384 1171 1311 1169 1293 1180 1240 1185 1224 1174 1140 1183 1112 1167 1055 1190 1023 1162 929 1180 893 1162 865 1162 845 1178 795 1169 767 1178 749 1162 719 1174 635 1158 596 1174 566 1174 552 1162 520 1176 504 1167 452 1176"/></Shape>
	    <String CONTENT="Je conterai mes commissions à Louise ; il me faut mille"
                    HPOS="452"
                    VPOS="1096"
                    WIDTH="1565"
                    HEIGHT="132"></String>
          </TextLine>

          
          
          <TextLine ID="eSc_line_cee4253d"
                    
                    BASELINE="347 1219 1016 1224" 
                    HPOS="347"
                    VPOS="1169"
                    WIDTH="669"
                    HEIGHT="71">
            <Shape><Polygon POINTS="347 1219 354 1169 377 1185 402 1176 424 1183 434 1174 466 1180 482 1171 516 1192 546 1192 568 1171 607 1169 651 1192 680 1194 699 1194 733 1171 763 1194 831 1194 856 1171 886 1171 911 1187 968 1171 1014 1185 1016 1224 984 1240 948 1228 916 1240 893 1228 776 1228 765 1240 706 1240 680 1226 644 1238 584 1238 568 1228 555 1235 546 1226 518 1238 431 1226 347 1235"/></Shape>
	    <String CONTENT="petites choses de Creveld"
                    HPOS="347"
                    VPOS="1169"
                    WIDTH="669"
                    HEIGHT="71"></String>
          </TextLine>

          
          
          <TextLine ID="eSc_line_5d6039ef"
                    
                    BASELINE="461 1313 1368 1320 1871 1331 2083 1347" 
                    HPOS="461"
                    VPOS="1260"
                    WIDTH="1622"
                    HEIGHT="108">
            <Shape><Polygon POINTS="461 1313 466 1260 557 1260 596 1274 662 1263 738 1283 783 1269 833 1285 923 1288 980 1272 1023 1272 1062 1288 1124 1269 1153 1290 1185 1288 1220 1269 1256 1292 1286 1272 1416 1272 1444 1290 1489 1295 1549 1292 1565 1279 1649 1290 1679 1276 1713 1295 1754 1299 1798 1279 1839 1299 1926 1297 1967 1281 1990 1301 2035 1301 2083 1281 2081 1368 1921 1368 1841 1343 1818 1354 1798 1340 1731 1356 1715 1349 1695 1361 1654 1340 1558 1361 1528 1359 1501 1336 1469 1356 1434 1361 1402 1340 1288 1333 1252 1359 1201 1336 1162 1352 1142 1338 1087 1352 1041 1329 998 1354 918 1354 815 1327 783 1333 715 1324 696 1333 671 1324 655 1336 635 1327 573 1338 539 1324 461 1322"/></Shape>
	    <String CONTENT="Venez donc tous. J&#39;embrasse les dames et salue les messieurs."
                    HPOS="461"
                    VPOS="1260"
                    WIDTH="1622"
                    HEIGHT="108"></String>
          </TextLine>

          
          
          <TextLine ID="eSc_line_1a63a4d5"
                    
                    BASELINE="1386 1466 1905 1471" 
                    HPOS="1386"
                    VPOS="1402"
                    WIDTH="519"
                    HEIGHT="167">
            <Shape><Polygon POINTS="1386 1466 1386 1402 1412 1407 1432 1427 1466 1404 1533 1404 1567 1434 1658 1432 1695 1407 1750 1434 1800 1409 1830 1425 1848 1420 1878 1436 1903 1436 1905 1471 1903 1569 1862 1569 1832 1555 1802 1569 1791 1560 1729 1564 1681 1553 1647 1569 1635 1557 1571 1557 1544 1534 1512 1541 1386 1532"/></Shape>
	    <String CONTENT="(Signé) D. de S."
                    HPOS="1386"
                    VPOS="1402"
                    WIDTH="519"
                    HEIGHT="167"></String>
          </TextLine>

          
        </TextBlock>
        

        
      </PrintSpace>
    </Page>
  </Layout>
</alto>
