2278 2741
358 276 103 82 1816

303 258 382 191 (de Mr Vauswinden

1021 299 1003 139 Lettre (cor. gén. (n° 20))

783 449 905 112 A Mme la Princesse de Salm.

1517 607 658 110 Amsterdam, ce 19 février, 1816. XI)

653 671 318 80 Madame !

459 742 1654 103 Mr van Marum m'a dit, samedi dernier, un mot de votre part

365 804 1746 107 qui d'un coté m'a été infiniment agréable ; mais qui de l'autre m'a

361 874 1766 108 fait de la peine : Il m'a dit que vous désirez beaucoup d'avoir quelque lettre

361 943 1752 107 de ma part, et jugez combien ce désir, preuve du souvenir dont vous

363 1011 1734 105 voulez bien m'honorer, m'a fait de plaisir, à moi qui attache un

345 1075 1763 110 si grand prix à ce souvenir, et qui me rappelle si souvent, et toujours

365 1153 1709 94 avec gratitude et délices, l'accueil infiniment gracieux que vous avez

365 1215 1732 98 bien voulu me faire pendant mon séjour à Paris Mais ce mot m'a

349 1285 1721 94 fait en même temps de la peine ; parce qu'il m'a fait croire que vous

349 1349 1739 103 n'avez pas reçu la lettre que j'ai pris la liberté de vous écrire au

351 1420 1735 96 mois d'Octobre dernier, en réponse à celle dont vous m'avez honoré,

356 1484 1718 103 et que cet oubli apparent de ma part a du vous paraitre tout au

349 1546 1060 96 moins singulier pour ne rien dire de pis.

383 1612 1728 114 Permettez, Madame, que je me dédomage aujourd'hui de la perte

340 1678 1736 110 de cette lettre, que je me rehabilite dans votre esprit, et que je vous

338 1742 1754 117 témoigne de nouveau par ecrit, comme je desirais pouvoir le faire

333 1820 1803 98 de bouche combien je suis sensible au souvenir dont vous m'honorez :

333 1889 1766 100 combien les témoignages que vous m'en avez donnés dans votre lettre

333 1962 1789 93 me sont agréables, et combien il est flatteur pour moi de ne pas être

331 2026 1805 102 oublié après tant d'années, et d'années si remplies d'évènements. Combien

331 2099 1784 93 de fois ne me rappelle-je pas les heures que vous m'avez permis de

326 2165 1789 98 passer dans votre compagnie et en conversations souvent si rem-

324 2229 1787 103 plies de charmes ? D'ailleurs le bas relief en plâtre que vous avez

329 2300 1747 96 eu la bonté de me donner, placé depuis 1799 dans mon cabinet,

340 2359 1695 103 entre la Fontaine et J.B. Roussequ, fait souvent l'objet de mes

383 2457 1657 105 ) Cette lettre doit être reportée à sa date, entre celle de Mr Reinwardt et celle à Mr

383 2512 421 87 Barbier. (feuille 88)
