2278 2741
114 360 1668 80 que j'y entende ; jusque là, c'est vous qe j'accuse de m'accuser

322 427 516 61 Amitié et Estime

1153 484 668 80 (signé) Constance de Salm.

185 555 1220 75 Je suis charmée de la délivrance de Bella.

180 628 1636 66 Nous dinons a 2h précises le 4. Je compte sur votre trinité

91 696 1638 73 dont vous serez Dieu le père. que sa grâce soit avec vous !

73 851 107 90 1816

799 865 274 92 Lettre

1277 836 555 132 (Cor. gén.le (n°20))

562 970 797 130 A Mr le Prince de Salm

1297 1151 603 105 Carlsruhe, le 4 septembre, 1816,

370 1210 486 87 Mon Prince

189 1288 1632 75 Ce n'est qu'hier à mon retour de Griesbach à Carlsruhe qu'on

84 1349 1707 80 m'a remis le paquet aue vous m'avez fait l'honneur de m'adresser.

86 1420 1805 76 Madame la Grande Duchesse est charmée d'avoir en sa possession les oeuvres

93 1496 1760 75 completes de Mme de Salm dont elle est digne d'apprécier les charmantes

93 1564 1712 62 productions. Elle n'en connaissait que quelques fragments qu'elle se

93 1624 1757 70 plaisait a répéter et à chanter. Son Altesse Royale me charge, Monsieur,

95 1692 1764 71 de tous ses remerciments. Elle vous en devra davantage si vous lui four-

98 1758 1716 67 nissez l'occasion d'en faire elle même à Bade à Madame de Salm

159 1822 1671 71 Agréez l'assurance de la considération la plus distinguée avec la-

95 1902 738 76 quelle j'ai l'honneur d'être

715 1957 306 82 Prince,

1096 2021 741 82 Votre très humble et très

1096 2096 638 67 obeissante Servante

868 2147 1003 98 (Signé) Ag: Walsh  & Walsh

114 2320 1809 78 Cette Dame etait Dame d'honneur de la Princesse Stéphanie

107 2393 1746 71 de Bade. Le Prince lui avait envoyé les poesies de la Princesse.
