2278 2741
326 274 121 98 1816

420 340 183 100 de Salm)

297 278 338 174 (de mme la Princesse

1062 290 340 128 Lettre

909 436 937 119 A Mr Prous (au chateau de Liedberg)

1645 614 452 75 Dyck, le 10 Aout, 1816.

399 673 1668 92 Je vous renvoye les Schalls, Monsieur, avec mille remerciements.

329 728 1782 112 Je n'en veux point de ce genre ; mais j'en désire encore deux comme les derniers.

331 799 1768 105 La chère tante croit qu'ils sont trop bon marché pour moi ; mais outre

333 870 1725 98 que c'est un beau défaut, je demande ces derniers pour en faire des

331 938 1718 96 présens ; bref, il m'en faut encore 2 de 11 lb comme le mien. Serez

326 1009 1515 91 vous assez bon pour le rappeler en renvoyant ceux-ci.

379 1068 1686 103 Nous avons été fort privés de ne pas voir ces Dames et vous hier

326 1139 1732 101 Nous espérions que nos jeunes gens pourraient offrir leurs bras. Nous

329 1206 1759 95 attendons aussi du monde ce matin, ce qui empèche d'aller a Liedberg. Nous

326 1272 1702 96 serions fort charmés que toutes vos santés vous permissent d'être des

329 1336 187 77 notres.

383 1404 1709 96 Vos sangsues sont bien affamées ; mais aussi pourquoi les tentiez vous par de la

326 1484 1734 76 chair fraiche, elles vous auront pris le mauvais sang que vous aviez

333 1548 1791 76 fait cet hiver ; et j'espère que cela vous fera grand bien. Il m'en faudrait autant

329 1617 1743 77 mais j'ai horreur de ces bêtes noires. Je n'aime les bêtes qu'à l'hombre et

331 1683 1245 71 non à l'ombre comme j'ai de l'esprit ce matin

377 1758 1672 64 En vérité, Monsieur, vous avez grand tort de ne pas nous venir

333 1831 1702 62 voir. Je suis convaincue que vous vous en trouveriez aussi bien que nous, et

324 1893 1718 75 j'admire que deux Français, si près l'un de l'autre, et les seuls peut-être du pays

326 1971 1826 68 ne se cherchent pas d'avantage, cela est tout contraire à l'esprit de la Nation et si le mets sur votre.

345 2044 267 59 Conscience.

367 2108 1575 64 Vous avez aussi tort avec l'imitation. Si vous ne l'avez pas eue, ce que je ne puis

319 2169 1764 78 juste, vous deviez venir sans cela. Vous saviez bien que vous étiez en tête de ma liste

374 2249 1652 64 Venez faire votre paix ; je n'ai plus du tout l'esprit guerroyant, et comme ce

326 2304 1737 76 certain député, je ne veux que l'uncoir la paix et la concarde, suivis du Calme et de

324 2377 1147 69 la tranquillité ; nous serons donc bientot d'accord.

331 2448 1748 107 A bientot, Monsieur, a aujourd'hui si vous le pouvez. Mille amitiés à tout le monde

354 2553 203 80 (Corresp: p:)

1311 2530 690 87 (signé) Constance de Salm.
