2215 2721
147 353 1682 73 Tout doit être envoyé au bureau du Journal. Vous aprouverez, sans doute,

124 426 1702 66 Monsieur, la sagesse de ce règlement établi, pour répondre aux reproches

124 489 1698 75 de partialité et de séduction que l'on est toujours disposé à faire à

127 557 1690 71 tous les journalistes indistinctement, mais que je suis bien résolu à

118 628 1731 68 ne jamais justifier. Quand un ouvrage me parvient par toute autre

124 691 1696 73 voie que par le choix de Mr le Rédacteur en Chef, je le renvoie au

136 761 1663 66 journal, comme je vais le faire de tout ce que j'ai reçu de votre

129 832 1682 65 part et de la part de Mme la Princesse. Il suffit que j'aye été

118 900 1745 70 désigné par un auteur ou par un libraire, pour que je ne m'occup

118 965 1717 75 jamais de l'ouvrage qu'il me destine. Si l'on m'objecte que d'autres

118 1029 1708 75 redacteurs n'observent pas ce règlement avec autant de sévérité, je

113 1097 1693 73 repondrai que je l'ai sollicité moi meme, que je l'ai fait inserer

122 1167 1693 64 plusieurs fois dans le journal, et que, par là, je me suis interdit

122 1228 1693 69 toute tentation d'y manquer. Si Messieurs les auteurs prenaient

118 1299 1738 63 la peine de lire une annonce fréquemment publiée dans le journal

122 1365 1686 61 ils sauraient que toutes les lettres ou réclamations, tous les livres

122 1421 1695 73 ou paquets doivent être adressés au sécrétaire de l'Administration

118 1496 1636 68 du Journal, Rue des prêtres St Germain l'Auxerrois N° 17 sans

122 1557 636 82 désignation de rédacteur.

177 1625 1638 71 Je vous prie instamment, Monsieur, de vouloir bien agréer

118 1691 1686 70 mes regrêts et l'assurance de ma considération la plus distinguée

1071 1748 551 100 (Signé) Hoffman.

113 1848 75 54 1824

90 1845 241 109 (de Mme la Princesse

138 1902 111 77 de Salm)

798 1857 325 106 Lettre

558 1995 742 100 A Mr Buchon

1218 2147 522 79 Paris, ce 13 mai, 1824.

136 2215 1684 86 Ma première intention ayant été, comme je l'ai dit à Monsieur Buchon, de

118 2283 1702 91 lui donner un exemplaire de mon petit Roman, je me fais un plaisir de le lui envoyer

115 2353 1210 66 en lui rappellant qu'il m'a promis de venir chez moi ce soir.

138 2405 1457 86 Je le prie de recevoir les assurances de ma considération bien distinguée.

1325 2435 526 95 (Signé) Constance de Salm.
